2558 4230
381 333 485 398 Liber
509 333 648 399 Tertius.

114 521 216 579 fervere
231 537 301 578 cum
315 517 416 577 videas
429 518 497 577 belli
511 518 666 577 simulacra
678 519 791 591 cientis,

113 617 243 676 subsidiis
257 617 370 692 magnis
385 625 416 674 et
430 634 515 673 ecum
529 615 557 673 vi
572 616 779 688 constabilitas,

113 724 278 789 ornatasque
291 714 379 771 armis
393 722 500 771 statuas
515 713 680 788 pariterque
695 714 846 786 animatas,

112 811 153 870 his
166 812 218 869 tibi
233 821 296 869 turn
310 810 397 868 rebus
412 810 576 867 timefactae
591 811 746 884 religiones

112 909 248 984 effugiunt
262 909 361 965 animo
375 906 499 982 pavide3
522 908 681 981 mortisque
695 908 814 965 timores

111 1015 170 1064 tum
183 1024 310 1063 vacuum
323 1015 427 1080 pectus
441 1004 553 1062 lincunt
566 1022 694 1079 curaque
710 1005 846 1076 solutum,

110 1103 217 1160 fervere
232 1120 301 1160 cum
315 1101 415 1159 videas
429 1101 553 1158 classem
567 1101 683 1175 lateque
697 1102 804 1176 vagari.

112 1199 200 1274 Quod
214 1200 239 1257 si
252 1199 375 1257 ridicula
388 1198 462 1256 haec
476 1198 659 1273 ludibriaque
674 1216 738 1255 esse
752 1197 895 1270 videmus,

111 1315 140 1355 re
153 1315 280 1372 veraque
294 1305 389 1354 metus
404 1295 557 1354 hominum
572 1313 718 1370 curaeque
733 1312 875 1369 sequaces

110 1412 164 1452 nec
178 1403 312 1452 metuunt
325 1394 436 1452 sonitus
451 1411 597 1451 armorum
611 1410 667 1450 nec
681 1393 741 1450 fera
755 1393 813 1449 tela

111 1491 307 1566 audacterque
321 1492 396 1549 inter
408 1507 491 1565 reges
505 1507 660 1564 rerumque
675 1490 803 1565 potentis

110 1599 258 1648 versantur
271 1606 368 1663 neque
382 1588 524 1663 fulgorem
538 1597 705 1645 reverentur
718 1586 756 1644 ab
770 1604 841 1644 auro

111 1705 166 1744 nec
180 1686 291 1743 clarum
305 1686 392 1743 vestis
406 1684 595 1761 splendorem
609 1685 773 1760 purpureai,

111 1783 181 1859 quid
195 1783 311 1841 dubitas
325 1783 396 1857 quin
410 1783 500 1840 omni’
515 1783 552 1840 sit
566 1782 639 1839 haec
654 1782 767 1839 rationi’
781 1782 933 1857 potestas?

111 1881 205 1939 omnis
218 1899 288 1938 curn
302 1880 332 1938 in
346 1880 472 1938 tenebris
487 1880 657 1955 praesertim
671 1880 730 1936 vita
743 1879 864 1937 laboret.

112 1979 189 2036 Nam
203 1978 291 2036 veluti
305 1978 387 2053 pueri
401 1976 548 2053 trepidant
561 1987 649 2051 atque
663 1977 764 2034 omnia
777 1977 874 2035 caecis

111 2075 141 2133 iu
155 2076 281 2133 tenebris
295 2084 438 2145 metuunt,
454 2076 495 2133 sic
511 2093 564 2132 nos
579 2075 609 2132 in
623 2075 688 2131 luce
703 2075 841 2132 timemus

111 2173 266 2246 interdum,
281 2173 341 2230 nilo
355 2190 431 2246 quae
446 2182 513 2230 sunt
527 2171 687 2230 metuenda
700 2171 793 2246 magis
806 2189 897 2246 quam

111 2289 186 2346 quae
200 2271 283 2347 pueri
297 2271 327 2328 in
340 2271 467 2328 tenebris
480 2269 611 2345 pavitant
624 2269 796 2344 finguntque
810 2269 914 2328 futura.

112 2369 204 2426 Hunc
218 2368 303 2443 igitur
316 2376 455 2425 terrorem
469 2367 560 2424 animi
574 2366 768 2440 tenebrasque
782 2374 932 2425 necessest
1011 2363 1042 2410 ⁶0

110 2483 172 2523 non
185 2463 258 2522 radii
272 2465 339 2522 solis
353 2482 450 2539 neque
464 2464 562 2522 lucida
575 2464 634 2521 tela
647 2463 707 2522 diei

111 2560 278 2634 discutiant,
292 2562 347 2620 sed
360 2570 480 2620 naturae
494 2561 608 2637 species
621 2560 763 2636 ratioque.

447 2797 584 2826 —000—

375 2991 482 3041 LIBER
499 2989 656 3040 TERTIUS.

112 3150 139 3208 E
151 3165 296 3208 munuum
309 3149 395 3206 tantis
409 3157 469 3204 tam
484 3147 593 3204 clarum
608 3145 745 3203 extollere
759 3144 860 3203 lumen

111 3247 161 3322 qui
175 3247 284 3323 primus
298 3245 418 3322 potuisti
432 3245 584 3302 inlustrans
599 3242 759 3301 commoda
771 3243 857 3313 vitae,

111 3353 140 3402 te
154 3362 270 3420 sequor,
285 3361 304 3401 o
319 3342 425 3402 Graiae
439 3341 533 3416 gentis
548 3339 649 3410 decus,
664 3340 753 3414 inque
767 3339 824 3396 tuis
837 3355 919 3397 nunc

111 3441 180 3498 ficta
193 3441 306 3517 pedum
320 3458 401 3515 pono
415 3439 520 3514 pressis
535 3437 656 3512 vestigia
669 3437 766 3511 signis,

111 3557 172 3596 non
186 3540 227 3596 ita
240 3536 371 3596 certandi
386 3535 510 3611 cupidus
525 3553 613 3609 quam
628 3544 747 3610 propter
760 3551 891 3591 amorem
1026 3534 1043 3588 3

112 3634 193 3713 quod
207 3646 236 3694 te
251 3635 356 3693 imitari
369 3652 462 3707 ave03
484 3632 556 3708 quid
571 3632 650 3689 enim
664 3630 824 3689 contendat
839 3626 964 3689 hirundo

112 3733 222 3810 cycnis,
236 3742 286 3790 aut
300 3731 441 3808 quidnam
455 3730 583 3788 tremulis
598 3730 694 3786 facere
709 3729 826 3786 artubus
842 3725 931 3786 haedi

112 3829 264 3890 consimile
278 3829 309 3888 in
323 3847 409 3889 cursu
423 3827 536 3905 possint
551 3836 580 3886 et
593 3826 673 3885 fortis
688 3825 756 3901 equi
769 3824 833 3884 vis?
