2558 4230
472 349 600 418 Catulli
626 346 791 415 Carmina.

285 551 320 644 ’s
543 617 596 675 v1.
643 612 723 693 (22.)

228 783 362 845 Suffenus
376 782 440 856 iste,
453 783 539 854 Vare,
554 798 643 857 quem
657 779 749 856 probe
763 777 849 852 nosti,

230 882 321 941 homo
335 890 380 940 est
392 888 530 940 venustus
544 887 575 937 et
588 877 675 936 dicax
688 886 719 935 et
732 877 868 949 urbanus,

229 979 369 1055 idemque
382 979 470 1054 longe
484 976 624 1053 plurimos
639 974 709 1032 facit
722 992 830 1035 versus.

230 1075 509 1151 Putoesseegoilli
522 1073 601 1132 milia
615 1081 665 1130 aut
679 1070 785 1131 decem
799 1078 849 1128 aut
864 1068 947 1146 plura

229 1174 398 1251 perscripta,
413 1191 469 1231 nec
483 1173 525 1231 sic
539 1181 572 1230 ut
584 1171 617 1229 fit
630 1170 661 1228 in
674 1169 864 1245 palimpsesto

230 1272 338 1330 relata:
360 1271 476 1328 chartae
490 1269 595 1345 regiae,
610 1287 679 1328 novi
671 1267 765 1339 libri,

230 1387 300 1428 nov1
292 1367 452 1439 umbilici,
466 1367 526 1424 lora
529 1366 634 1463 rubra,
649 1365 820 1424 membrana

232 1466 351 1525 derecta
364 1465 495 1541 plumb0,
510 1472 540 1521 et
553 1463 670 1540 pumice
685 1462 784 1522 omnia
799 1468 932 1536 aequata.

232 1565 320 1622 Haec
333 1580 403 1621 cum
417 1563 496 1638 legas
509 1570 550 1633 tu,
565 1561 657 1620 bellus
670 1560 718 1618 ille
732 1568 763 1617 et
776 1558 903 1616 urbanus

231 1661 364 1721 Suffenus
378 1678 453 1719 unus
467 1658 661 1735 caprimulgus
676 1667 725 1716 aut
738 1658 832 1716 fossor

230 1777 327 1816 rursus
341 1757 472 1815 videtur:
494 1764 607 1814 tantum
622 1755 757 1814 abhorret
770 1772 806 1811 ac
821 1761 923 1811 mutat.

232 1857 305 1913 Hoc
318 1853 390 1929 quid
404 1863 539 1927 putemus
554 1853 639 1910 esse?
659 1852 710 1925 qui
724 1850 815 1909 modo
830 1869 928 1909 scurra

232 1961 282 2010 aut
296 1950 392 2025 siquid
406 1950 461 2007 hac
475 1965 505 2007 re
520 1948 611 2006 tritius
625 1947 786 2020 videbatur,

231 2048 313 2107 idem
326 2048 453 2105 infaceto
467 2055 511 2104 est
526 2045 676 2111 infacetior
688 2063 762 2118 rure,

233 2147 318 2205 simul
331 2153 469 2221 poemata
481 2143 583 2220 attigit,
597 2161 694 2219 neque
708 2142 788 2202 idem
803 2162 943 2220 umquam

232 2261 326 2318 aeque
341 2252 385 2301 est
398 2242 499 2301 beatus
514 2260 548 2299 ac
563 2259 671 2315 poema
685 2259 754 2300 cum
769 2242 886 2301 scribit:

233 2351 293 2400 tam
307 2339 436 2416 gaudet
427 2357 459 2396 m
473 2356 504 2398 se
518 2348 636 2414 tamque
651 2357 683 2398 se
698 2339 760 2415 ipse
775 2340 901 2399 miratur

234 2437 381 2496 Nimirum
395 2435 474 2494 idem
489 2437 583 2495 omnis
597 2436 728 2537 fallimur,
744 2454 841 2530 neque
856 2446 901 2496 est
914 2438 1077 2515 quisquam,

233 2552 322 2610 quem
337 2509 420 2592 nin
412 2552 442 2591 ιη
456 2514 595 2608 aliquare
609 2495 713 2592 videre
724 2534 874 2593 Suffenum

233 2632 339 2708 possis.
380 2631 453 2690 Suus
468 2631 573 2706 cuique
589 2631 743 2691 attributus
757 2641 802 2691 est
816 2650 912 2692 error

234 2727 362 2789 sednon
376 2727 508 2787 videmus
522 2728 667 2787 manticae
681 2728 764 2806 quod
779 2730 809 2790 in
823 2739 905 2808 tergo
918 2738 971 2791 est.

542 2981 613 3040 VII
659 2981 740 3058 (31)

562 3101 570 3127 ι’

236 3112 333 3205 Paene
347 3110 513 3218 irisissa‘rum,
529 3148 641 3241 Sirmio,
658 3149 873 3247 insularumque

235 3219 337 3323 &elle
353 3232 554 3335 qua'scumque
569 3245 598 3301 in
612 3220 788 3335 liquentibus
802 3246 910 3321 stagnis

235 3342 371 3428 marique
380 3351 461 3398 vasto
476 3341 530 3398 sert
544 3352 665 3436 uterque
680 3343 856 3435 Neptunus3

235 3456 324 3513 quam
339 3447 367 3494 te
382 3438 505 3496 libenter
519 3455 735 3543 quamque
680 3439 793 3496 laetus
786 3440 886 3525 mvisp,

235 3535 283 3593 vix
296 3508 413 3628 miipse
428 3506 735 3592 credensThuniam
723 3544 813 3617 atque
828 3504 970 3596 Bithunos
1152 3545 1167 3592 s

169 3634 173 3641 '
200 3670 203 3675 -
235 3632 353 3729 liquisse
368 3649 490 3706 campos
504 3641 534 3689 et
547 3630 646 3690 videre
660 3641 689 3691 te
704 3632 734 3690 in
748 3640 821 3693 tuto.

236 3729 265 3790 Ο
280 3698 373 3831 quid
365 3720 465 3788 solutis
479 3737 524 3787 est
537 3728 649 3787 beatius
664 3730 762 3789 curis?

237 3844 307 3885 cum
321 3844 404 3886 mens
418 3843 492 3885 onus
506 3801 630 3901 reponit,
646 3844 681 3883 ac
696 3827 849 3903 peregrino
