2558 4230
466 354 508 418 P.
536 351 680 416 Ovidius
702 352 802 414 Naso.

188 541 245 597 Vix
259 559 343 598 socer
357 539 495 615 Iphiclus,
510 538 557 596 vix
572 557 619 596 me
634 537 815 613 grandaevus
829 539 963 609 AcastuS,

228 639 276 695 vix
291 648 382 694 mater
395 635 492 711 gelida
506 646 618 693 maesta
631 636 732 693 refecit
746 653 831 710 aqua

189 735 328 794 Officium
343 734 437 790 fecere
452 734 542 808 pium,
558 732 611 790 sed
626 733 725 790 inutile
740 732 835 790 nobis.

230 831 372 906 Indignor
386 831 506 887 miserae
521 849 581 888 non
596 831 710 888 licuisse
725 830 807 888 mori.

189 931 231 989 Ut
245 928 330 986 rediit
344 927 466 999 animus,
482 929 588 1002 pariter
601 926 713 984 rediere
729 927 854 985 dolores,

230 1029 353 1084 Pectora
366 1026 510 1100 legitimus
525 1037 606 1082 casta
619 1025 777 1083 momordit
791 1044 882 1084 amor.

189 1125 256 1182 Nec
270 1124 340 1181 mihi
355 1122 519 1198 pectendos
535 1142 604 1180 cura
618 1133 662 1180 est
675 1124 814 1198 praebere
831 1122 962 1198 capillos

229 1240 286 1278 nec
300 1221 370 1278 libet
385 1231 483 1278 aurata
497 1239 621 1295 corpora
633 1230 714 1277 veste
729 1220 797 1294 tegi.

188 1320 231 1378 Ut
245 1338 316 1393 quas
331 1318 489 1393 pampinea
502 1319 630 1391 tetigisse
647 1317 814 1391 Bicorniger
825 1317 911 1374 hasta

229 1415 365 1486 creditur,
380 1416 438 1472 huc
453 1414 529 1485 illuc,
545 1433 605 1488 qua
618 1416 697 1472 furor
711 1414 779 1489 egit,
795 1433 841 1472 e0.

189 1513 376 1572 Conveniunt
391 1522 498 1569 matres
514 1511 714 1586 Phylaceides,
729 1511 845 1568 etmihi
861 1511 990 1569 clamant

230 1610 337 1669 ‘indue
350 1609 470 1687 regales,
487 1609 656 1680 Laodamia,
671 1610 749 1666 sinus
763 1609 788 1667 l'

189 1708 306 1766 Scilicet
320 1713 384 1782 ipsa
397 1726 497 1782 geram
511 1718 650 1764 saturatas
665 1707 774 1764 murice
789 1706 880 1779 lanas,

228 1805 305 1863 bella
318 1805 371 1862 sub
388 1806 483 1862 Iliacis
498 1805 651 1862 moenibus
666 1805 712 1861 ille
726 1805 827 1880 gerat?

191 1902 260 1976 Ipsa
273 1920 374 1959 comas
389 1913 498 1976 pectam,
514 1902 597 1976 galea
612 1912 700 1976 caput
715 1902 760 1959 ille
775 1911 941 1977 prematur:

229 1998 293 2074 ipsa
307 2018 397 2056 novas
411 2010 514 2070 vestes,
531 1998 603 2055 dura
617 1999 659 2056 vir
673 2018 753 2056 arma
766 2000 859 2056 serat?

190 2097 257 2169 Qua
271 2115 400 2171 possum,
416 2097 550 2171 squalore
565 2107 630 2154 tuos
645 2097 756 2154 imitata
769 2097 883 2154 labores

230 2193 318 2265 dicar,
334 2204 364 2250 et
378 2195 450 2250 haec
465 2194 533 2250 belli
547 2204 681 2268 tempora
694 2193 779 2251 tristis
793 2212 888 2268 agam.

190 2291 315 2365 Dyspari
330 2290 484 2360 Priamide,
500 2290 610 2348 damno
625 2291 751 2348 formose
766 2300 891 2364 tuorum,

230 2398 290 2444 tam
305 2389 343 2445 sis
357 2388 447 2444 hostis
463 2388 548 2458 iners,
564 2407 651 2462 quam
667 2386 758 2445 malus
773 2388 881 2463 hospes
895 2407 969 2448 eras.

189 2487 248 2542 Aut
261 2495 290 2541 te
304 2485 464 2541 Taenariae
479 2486 584 2542 faciem
599 2485 733 2559 culpasse
747 2486 875 2558 maritae,

230 2591 280 2638 aut
293 2581 332 2637 illi
346 2581 451 2638 vellem
465 2583 647 2657 displicuisse
662 2592 752 2640 tuam.

188 2679 244 2749 Tu,
260 2678 309 2752 qui
322 2696 377 2752 pro
391 2690 473 2753 rapta
488 2681 617 2750 nimium,
635 2680 781 2750 Menelae,
796 2680 919 2752 laboras,

229 2776 258 2833 ei
271 2775 351 2847 mihi,
368 2795 456 2850 quam
471 2776 567 2832 multis
581 2776 683 2834 flebilis
699 2777 774 2834 ultor
787 2777 861 2835 eris!

189 2873 239 2945 Di,
254 2891 366 2947 precor,
381 2873 498 2929 anobis
513 2891 601 2929 omen
617 2885 765 2931 removete
781 2875 936 2946 sinistrum,

230 2980 260 3028 et
274 2989 327 3027 sua
340 2969 392 3026 det
405 2969 506 3027 reduci
520 2970 563 3027 vir
576 2989 660 3028 meus
675 2989 755 3028 arma
770 2971 843 3029 Iovi.

189 3066 248 3125 Sed
262 3068 361 3138 time0,
376 3067 512 3140 quotiens
527 3068 613 3125 subiit
627 3068 790 3125 miserabile
805 3068 933 3127 bellum:

230 3182 311 3221 more
326 3164 399 3221 nivis
413 3164 549 3222 lacrimae
564 3165 624 3222 sole
641 3165 785 3223 madentis
801 3148 893 3224 eunt*

190 3261 265 3318 Ilion
280 3270 309 3317 et
322 3260 462 3319 Tenedos
478 3263 640 3337 Simoisque
656 3273 686 3320 et
701 3263 834 3320 Xanthus
849 3273 879 3321 et
894 3261 950 3322 Ide

229 3358 351 3415 nomina
365 3367 432 3416 sunt
446 3359 510 3434 ipso
525 3378 620 3434 paene
634 3359 766 3417 timenda
780 3379 863 3419 s0n0.

190 3456 257 3514 Nec
270 3473 371 3530 rapere
388 3475 516 3526 ausurus,
532 3459 587 3515 nisi
602 3476 633 3514 se
649 3457 808 3516 defendere
825 3468 936 3533 posset,

230 3553 337 3627 hospes
352 3563 420 3611 erat.
462 3554 545 3612 Vires
560 3566 680 3613 noverat
695 3556 742 3613 ille
757 3575 832 3615 suas.

189 3650 325 3721 Venerat,
341 3661 372 3707 ut
387 3651 464 3708 sama
479 3661 531 3722 est,
547 3652 639 3709 multo
654 3653 820 3726 spectabilis
834 3673 916 3727 auro,

230 3747 338 3823 quique
354 3766 407 3804 suo
422 3748 559 3822 Phrygias
573 3768 696 3823 corpore
710 3751 796 3808 ferret
810 3770 892 3827 opes,

188 3843 282 3916 classe
296 3843 421 3922 virisque
435 3855 553 3922 potens,
566 3864 619 3924 per
633 3864 711 3923 quae
724 3847 788 3904 iera
798 3848 877 3906 heila
889 3859 1036 3922 geruntur.
