2558 4230
533 358 677 423 Amores.

167 546 203 605 sic
215 546 351 605 Nemesis
366 545 497 622 longum,
512 544 554 603 sic
569 545 656 603 Delia
669 560 778 602 nomen
792 543 951 617 habebunt,

200 644 295 702 Altera
309 662 381 701 cura
395 661 509 714 recens,
524 643 612 701 altera
626 643 735 717 primus
751 659 840 699 amor.

166 741 239 816 Quid
252 760 304 800 vos
318 758 402 799 sacra
416 740 535 799 iuvant?
555 739 627 816 quid
641 758 720 797 nunc
735 739 879 815 Aeg)ptia
891 746 1014 815 prosunt

199 840 300 898 sistra?
320 838 394 914 quid
408 839 439 896 in
453 855 547 896 vacuo
561 838 729 896 secubuisse
744 838 830 895 toro?

165 937 235 997 Cum
248 936 363 1013 rapiant
377 936 455 993 mala
469 936 528 993 sata
540 935 645 1006 bonos,
654 968 695 977 —
704 935 846 1010 ignoscite
860 935 996 1006 lasso‚-
1045 941 1074 990 35

198 1036 337 1094 sollicitor
349 1035 446 1093 nullos
461 1052 524 1092 esse
538 1043 640 1110 putare
655 1032 738 1091 deos.

164 1133 229 1191 Vive
243 1134 319 1209 pius,
335 1133 459 1190 moriere
474 1132 548 1206 pius,
564 1132 629 1189 cole
645 1149 748 1203 sacra;
771 1130 918 1188 colentem

198 1249 276 1289 mors
290 1231 383 1306 gravis
398 1248 417 1287 a
430 1229 547 1303 templis
562 1229 592 1286 in
606 1247 678 1285 cava
691 1229 777 1287 busta
790 1228 892 1286 trahet

164 1328 343 1388 Carminibus
357 1326 476 1386 confide
491 1327 586 1386 bonis.
630 1327 720 1396 lacet,
736 1344 816 1397 ecce,
829 1325 979 1384 Tibullus:

198 1428 245 1485 vix
258 1435 360 1484 manet
374 1444 390 1484 e
405 1436 468 1484 toto
483 1442 572 1501 parva
585 1424 667 1500 quod
681 1443 752 1481 urna
766 1425 853 1499 capit.
1045 1434 1076 1477 40

164 1525 249 1596 Tene,
264 1542 348 1582 sacer
360 1534 452 1592 vates,
469 1523 603 1581 flammae
618 1540 739 1598 rapuere
754 1522 875 1597 rogales,

197 1622 366 1697 pectoribus
380 1621 462 1696 pasci
476 1639 532 1679 nec
546 1620 669 1678 timuere
684 1620 760 1677 tuis?

164 1719 255 1777 Aurea
268 1728 437 1777 sanctorum
451 1718 614 1793 potuissent
629 1718 737 1792 templa
752 1716 875 1774 deorum

199 1835 292 1889 urere,
308 1835 383 1892 quae
398 1826 512 1874 tantum
526 1816 687 1874 sustinuere
703 1815 792 1872 nefas

164 1915 269 1973 Avertit
283 1914 378 1972 vultus
394 1913 496 1988 Erycis
511 1931 587 1988 quae
603 1913 735 1988 possidet
750 1930 841 1971 arces.
1047 1920 1076 1967 45

200 2013 272 2072 Sunt
286 2029 416 2087 quoque,
431 2011 480 2086 qui
495 2011 627 2068 lacrimas
643 2010 820 2068 continuisse
836 2017 954 2084 negant.

165 2109 218 2168 Sed
230 2121 332 2168 tamen
348 2109 405 2166 hoc
421 2108 533 2180 melius,
550 2127 638 2183 quam
654 2108 677 2165 si
693 2107 837 2165 Phaeacia
851 2106 934 2164 tellus

199 2208 332 2284 ignotum
346 2207 395 2264 vili
410 2206 611 2280 supposuisset
625 2205 725 2262 humo.

166 2304 241 2363 Hinc
256 2314 337 2362 certe
352 2302 489 2360 madidos
506 2303 640 2378 fugientis
655 2302 759 2379 pressit
773 2301 882 2360 ocellos

199 2412 300 2472 mater,
316 2411 346 2458 et
361 2401 391 2458 in
406 2400 518 2458 cineres
533 2401 634 2458 ultima
648 2400 727 2458 dona
742 2400 822 2456 tulit:

164 2495 227 2556 hinc
241 2517 324 2557 soror
338 2499 368 2556 in
383 2506 494 2573 partem
509 2497 614 2555 misera
628 2516 696 2554 cum
711 2507 802 2553 matre
816 2495 925 2555 doloris

199 2597 286 2666 venit,
302 2596 450 2652 inornatas
465 2593 603 2651 dilaniata
618 2612 736 2651 comas:

164 2708 286 2768 cumque
301 2692 358 2749 tuis
372 2709 425 2748 sua
439 2691 592 2748 iunxerunt
608 2691 801 2764 Nemesisque
816 2689 952 2764 priorque

199 2789 308 2860 oscula,
323 2805 381 2845 nec
396 2787 473 2845 solos
489 2786 646 2844 destituere
663 2805 759 2862 rogos.
1004 2778 1008 2784 ’

165 2885 246 2944 Delia
260 2886 447 2943 descendens
463 2880 609 2941 ‘felicius’
625 2884 718 2959 inquit
733 2887 847 2941 ‘amata
1048 2891 1077 2938 55

200 3001 265 3041 sum
279 2982 341 3041 tibi.
382 2981 494 3052 Vixisti,
511 2981 583 3039 dum
598 2991 664 3039 tuus
679 2981 752 3056 ignis
768 2982 866 3038 emm?

164 3079 216 3138 Cui
231 3079 368 3138 Nemesis
383 3078 489 3154 ‘quid’
505 3079 544 3136 ait
560 3079 629 3136 ‘tibi
644 3088 711 3136 sunt
725 3097 792 3135 mea
806 3077 915 3136 damna
928 3076 1044 3137 dolori?

137 3254 140 3260 Ι
200 3196 248 3237 me
263 3178 358 3236 tenuit
371 3178 497 3236 moriens
514 3177 670 3236 deficiente
687 3179 794 3234 manu!

164 3274 190 3334 Si
203 3286 302 3334 tamen
317 3293 333 3333 e
348 3276 433 3333 nobis
448 3275 557 3350 aliquid
572 3276 626 3333 nisi
642 3293 751 3332 nomen
766 3284 795 3332 et
809 3275 913 3334 umbra

199 3383 297 3444 restat,
313 3374 342 3430 in
358 3373 456 3448 Elysia
469 3373 542 3430 valle
557 3373 688 3431 Tibullus
704 3373 766 3430 erit.
1049 3370 1079 3414 ⁶0

165 3468 274 3529 Obvius
289 3470 357 3528 huic
371 3471 479 3540 venias,
496 3470 604 3528 hedera
619 3471 761 3528 iuvenalia
775 3470 888 3528 cinctus

200 3577 342 3644 tempora,
357 3586 426 3625 cum
441 3567 541 3637 Calvo,
557 3566 645 3624 docte
661 3566 784 3637 Catulle,
799 3577 859 3624 tuo.

165 3662 208 3722 Tu
221 3683 350 3740 quoque,
366 3665 389 3722 si
404 3665 507 3722 salsum
523 3675 566 3721 est
581 3664 712 3720 temerati
728 3664 838 3720 crimen
853 3662 949 3737 amici,

201 3761 347 3839 sanguinis
354 3769 449 3836 »atque
464 3761 577 3819 animae
592 3759 715 3837 prodige
731 3760 813 3818 Galle
828 3769 904 3820 tuae.
