2558 4230
450 337 503 400 De
525 337 652 400 Rerum
676 337 820 402 Natura.

209 518 325 580 caerula
339 518 519 597 distinguens
533 521 609 580 inter
621 521 707 597 plaga
721 539 835 579 currere
849 531 950 597 posset

208 637 261 695 per
274 620 402 677 tumulos
419 628 448 677 et
462 619 601 688 convallis
616 636 795 694 camposque
810 619 947 694 prosusa5
1081 619 1155 680 (1375)

207 725 240 774 ut
254 734 333 773 nunc
348 733 412 773 esse
427 715 509 773 vides
524 717 602 773 vario
617 715 754 773 distincta
768 716 868 791 lepore

207 813 315 884 omnia,
331 831 407 888 quae
421 813 516 888 pomis
531 813 662 870 intersita
675 812 810 871 dulcibus
826 822 932 871 omant
1038 824 1082 872 425

206 911 387 985 arbustisque
403 920 504 968 tenent
518 910 650 967 felicibus
664 911 759 984 opsita
772 911 893 968 circum.

246 1009 284 1064 At
298 1007 422 1082 liquidas
437 1008 533 1065 avium
547 1025 636 1064 voces
651 1007 788 1064 imitarier
801 1025 851 1065 ore

206 1114 273 1162 ante
287 1104 339 1161 suit
354 1105 445 1162 multo
460 1122 548 1179 quam
561 1104 636 1162 levia
649 1105 780 1161 carmina
793 1113 881 1162 cantu
1080 1105 1157 1164 (1380)

203 1202 411 1260 concelebrare
426 1202 559 1259 homines
574 1211 694 1276 possent
708 1203 842 1277 aurisque
857 1203 966 1262 iuvare.

206 1299 245 1355 Et
258 1298 384 1373 zephyri,
401 1317 471 1355 cava
486 1316 538 1373 per
552 1300 739 1369 calamorum,
755 1299 837 1357 sibila
851 1299 979 1374 primum
1036 1323 1083 1369 43⁰

204 1397 323 1470 agrestis
337 1394 466 1471 docuere
481 1414 567 1453 cavas
581 1395 680 1454 inflare
695 1397 815 1454 cicutas.

205 1493 280 1551 Inde
296 1494 459 1551 minutatim
474 1493 567 1551 dulcis
582 1493 712 1551 didicere
728 1493 880 1568 querellas,

204 1591 275 1648 tibia
288 1609 360 1665 quas
375 1591 471 1649 fundit
485 1591 581 1666 digitis
596 1591 708 1666 pulsata
722 1601 891 1663 canentum,
1078 1591 1156 1650 (¹385)

204 1688 268 1744 avia
281 1706 335 1762 per
349 1707 469 1746 nemora
483 1707 519 1745 ac
534 1689 617 1746 silvas
633 1689 778 1762 saltusque
792 1699 916 1763 reperta,

202 1802 256 1860 per
269 1784 335 1841 loca
349 1796 499 1859 pastorum
514 1785 629 1843 deserta
642 1797 729 1860 atque
744 1786 804 1843 otia
819 1785 877 1844 dia.
1035 1797 1079 1844 435

203 1883 291 1939 Haec
305 1883 418 1939 animos
434 1883 497 1940 ollis
513 1883 680 1941 mulcebant
694 1893 782 1958 atque
797 1884 935 1942 iuvabant
1077 1883 1155 1944 (1390)

203 1996 272 2036 curn
286 1979 387 2036 satiate
402 1980 460 2037 cibi
472 1998 479 2051 ;
501 1998 570 2037 narn
584 1989 646 2037 turn
660 1980 732 2037 haec
746 1990 813 2038 sunt
827 1983 926 2039 omnia
940 1982 1033 2042 cordi.

203 2077 296 2151 Saepe
311 2078 408 2151 itaque
424 2079 498 2135 inter
512 2096 542 2135 se
558 2079 691 2152 prostrati
707 2079 736 2135 in
751 2079 880 2153 gramine
896 2079 976 2137 molli

201 2184 322 2250 propter
334 2194 427 2250 aquae
442 2177 534 2233 rivom
550 2176 605 2233 sub
619 2177 705 2233 ramis
721 2176 829 2233 arboris
843 2176 917 2233 altae

201 2290 262 2329 non
277 2274 390 2347 magnis
404 2274 509 2348 opibus
523 2272 650 2330 iucunde
666 2290 789 2347 corpora
802 2273 958 2346 habebant,
1033 2297 1078 2343 440

200 2371 370 2444 praesertim
384 2390 452 2428 curn
466 2379 625 2444 tempestas
639 2369 752 2428 ridebat
766 2380 796 2428 et
810 2371 878 2428 anni
1074 2372 1154 2431 (1395)

201 2474 334 2540 tempora
348 2468 507 2542 pingebant
521 2467 670 2525 viridantis
685 2468 802 2525 floribus
816 2467 930 2528 herbas.

200 2563 277 2620 Tum
292 2563 366 2635 ioca,
382 2574 443 2621 tum
459 2583 564 2632 serm0,
579 2575 642 2622 turn
658 2565 760 2623 dulces
775 2584 838 2623 esse
854 2567 991 2627 cachinni

201 2670 384 2718 consuerant.
427 2662 554 2735 Agrestis
569 2663 646 2718 enim
662 2672 724 2719 tum
739 2682 823 2720 musa
837 2665 972 2739 vigebat;

200 2766 263 2814 tum
277 2766 366 2831 caput
380 2767 467 2830 atque
482 2776 599 2815 umeros
614 2759 705 2833 plexis
720 2761 856 2819 redimire
871 2763 988 2821 coronis
1030 2786 1076 2832 445

199 2852 316 2911 floribus
332 2863 361 2910 et
375 2854 448 2911 foliis
463 2855 579 2911 lascivia
592 2856 667 2912 laeta
682 2858 829 2928 monebat,
1073 2859 1153 2918 (1400)

199 2958 287 3024 atque
302 2961 382 3007 extra
396 2970 549 3008 numerum
564 2953 725 3026 procedere
741 2956 874 3013 membra
887 2966 1040 3016 moventes

199 3046 308 3105 duriter
321 3057 351 3105 et
365 3047 439 3106 duro
453 3058 559 3106 terram
574 3048 651 3124 pede
665 3052 773 3124 pellere
788 3062 931 3128 matrem;

197 3143 278 3201 unde
293 3146 461 3203 oriebantur
473 3146 545 3204 risus
560 3146 720 3221 dulcesque
735 3149 880 3222 cachinni,

198 3242 298 3298 omnia
309 3241 390 3316 quod
400 3260 477 3299 nova
488 3253 548 3299 tum
562 3245 652 3318 magis
664 3244 737 3301 haec
749 3256 778 3304 et
789 3248 861 3305 mira
870 3249 1015 3324 vigebant.
1032 3270 1077 3318 45⁰

200 3339 239 3395 Et
252 3338 435 3413 vigilantibus
451 3338 519 3395 hinc
534 3339 655 3398 aderant
669 3342 778 3400 solacia
792 3346 897 3417 somni,
1071 3346 1151 3404 (1405)

198 3434 307 3492 ducere
322 3435 501 3492 multimodis
515 3454 604 3493 voces
619 3447 648 3494 et
662 3438 779 3497 flectere
795 3451 898 3501 cantus

199 3540 228 3588 et
242 3549 346 3606 supera
360 3532 488 3590 calamos
502 3550 580 3590 unco
594 3552 762 3608 percurrere
776 3538 857 3597 labro
869 3561 876 3610 ;

197 3627 277 3686 unde
293 3629 381 3686 etiam
396 3629 494 3704 vigiles
509 3648 589 3687 nunc
603 3631 677 3689 haec
691 3644 815 3709 accepta
829 3645 947 3696 tuentur

197 3733 228 3783 et
241 3743 395 3783 numerum
408 3744 521 3783 servare
537 3745 640 3785 recens
654 3727 793 3801 didicere,
809 3751 906 3808 neque
920 3735 980 3794 hilo
1028 3745 1073 3794 455

197 3822 338 3879 maiorem
351 3821 464 3880 interea
477 3823 597 3899 capiunt
611 3823 770 3885 dulcedini'
785 3829 912 3890 fructum
1069 3831 1150 3890 (1410)
