2558 4230
109 341 148 404 16

470 335 599 404 Catulli
625 333 790 402 Carmina.
1089 353 1159 418 [xru.

223 531 292 600 post
305 532 394 582 vento
409 532 560 581 crescente
575 521 666 598 magis
681 520 773 596 magis
787 519 1002 592 increbescunt,
1034 503 1040 579 ἶ

224 638 429 697 purpureaque
443 619 546 695 procul
560 629 663 677 nantes
677 618 715 676 ab
729 618 795 675 luce
809 617 953 692 refulgent
961 636 971 690 3
1024 588 1036 699 i
1117 624 1159 672 Ω75

225 719 268 776 sic
282 728 345 776 tum
358 717 492 775 vestibuli
506 716 662 791 linquentis
676 715 756 790 regia
769 723 848 773 tecta
1009 702 1027 831 s

225 824 255 872 at
269 832 301 872 se
317 814 440 889 quisque
454 831 529 888 vago
543 812 651 888 passim
665 809 744 886 pede
760 809 962 869 discedebant.

226 912 360 986 Quorum
375 920 441 986 post
455 910 566 968 abitum
580 909 717 984 princeps
732 926 748 966 e
762 909 870 966 vertice
885 907 964 966 Pelei

225 1007 344 1066 advenit
358 1007 468 1067 Chiron
482 1015 600 1082 portans
615 1005 754 1064 silvestria
767 1003 866 1063 dona:

225 1123 295 1164 nam
303 1104 513 1180 quodcumque
522 1104 616 1161 ferunt
626 1102 732 1179 campi,
742 1120 816 1177 quos
824 1101 1086 1178 Thessalamagnis
1116 1110 1159 1155 280

226 1203 373 1261 montibus
387 1219 439 1259 ora
452 1210 541 1273 creat,
555 1218 630 1275 quos
644 1209 763 1275 propter
777 1199 902 1257 fluminis
917 1197 1011 1258 undas

226 1318 296 1357 aura
309 1299 384 1374 parit
398 1299 482 1358 flores
497 1297 590 1374 tepidi
604 1297 732 1357 fecunda
746 1298 866 1369 Favoni,

226 1396 282 1455 hos
298 1396 472 1454 indistinctis
487 1397 589 1470 plexos
603 1395 667 1453 tulit
681 1395 744 1469 ipse
759 1394 883 1466 corollis,

226 1512 286 1568 quo
300 1493 446 1568 permulsa
460 1491 566 1551 domus
581 1491 711 1550 iocundo
725 1492 785 1550 risit
800 1491 901 1550 odore.

227 1591 391 1650 Confestim
406 1591 511 1649 Penios
526 1589 618 1662 adest,
633 1588 787 1648 viridantia
799 1590 923 1664 Tempe,
1116 1589 1158 1645 285
1183 1633 1185 1637 .

226 1689 351 1763 Tempe,
365 1705 440 1762 quae
456 1688 542 1745 silvae
557 1687 679 1762 cingunt
692 1705 780 1762 super
793 1662 1026 1762 impendentes:

227 1786 418 1860 Magnessam
431 1784 566 1859 linquens
581 1785 668 1842 Doris
683 1783 859 1841 celebranda
873 1783 996 1856 choreis,

225 1900 288 1939 non
301 1899 427 1939 vacuos:
449 1899 577 1956 namque
593 1881 639 1938 ille
654 1881 718 1938 tulit
731 1880 868 1939 radicitus
884 1881 954 1939 altas

225 1978 308 2053 lagos
323 1996 358 2036 ac
372 1987 453 2036 recto
467 1995 603 2053 proceras
618 1978 716 2052 stipite
730 1977 835 2050 laurus,

225 2094 288 2134 non
302 2076 364 2133 sine
378 2076 492 2133 nutanti
506 2075 625 2150 platano
639 2075 775 2150 lentaque
790 2093 888 2134 sorore

226 2172 367 2231 flammati
381 2172 571 2231 Phaethontis
585 2180 615 2231 et
628 2190 715 2230 aerea
729 2191 877 2248 cupressu.

226 2271 316 2327 Haec
329 2270 440 2327 circum
453 2269 540 2328 sedes
553 2270 610 2328 late
625 2279 764 2329 contexta
777 2270 892 2342 locavit,

225 2367 400 2425 vestibulum
414 2376 447 2425 ut
460 2367 540 2425 molli
553 2367 680 2425 velatum
694 2366 798 2424 fronde
813 2367 926 2425 vireret.

228 2464 298 2522 Post
312 2463 391 2521 hunc
406 2464 596 2539 consequitur
609 2464 716 2522 sollerti
730 2463 820 2522 corde
836 2464 1037 2539 Prometheus,

226 2570 381 2619 extenuata
394 2578 498 2637 gerens
512 2562 615 2620 veteris
629 2561 748 2636 vestigia
761 2579 885 2635 poenae,
1117 2571 1161 2620 295

226 2676 315 2732 quam
330 2657 481 2732 quondam
496 2658 568 2716 silici
582 2658 729 2716 restrictus
743 2658 874 2715 membra
889 2668 995 2718 catena
1055 2640 1057 2644 ⁵

225 2755 364 2829 persolvit
378 2754 512 2830 pendens
526 2773 543 2813 e
557 2754 713 2813 verticibus
728 2755 898 2830 praeruptis,

226 2850 303 2910 Inde
317 2860 400 2927 pater
413 2850 513 2910 divum
526 2861 629 2911 sancta
642 2870 711 2910 cum
726 2852 850 2927 coniuge
865 2852 999 2928 natisque

225 2947 344 3006 advenit
359 2949 451 3021 caelo,
467 2959 496 3007 te
511 2949 614 3020 solum,
631 2948 761 3021 Phoebe,
776 2949 952 3024 relinquens,

225 3046 441 3121 unigenamque
456 3039 541 3106 simul
554 3046 707 3105 cultricem
721 3047 869 3105 montibus
886 3047 965 3107 Idn':
1114 3057 1161 3103 300

226 3144 315 3201 Pelea
328 3161 397 3202 nam
411 3153 510 3203 tecum
524 3145 632 3220 pariter
646 3163 727 3203 soror
740 3155 894 3219 aspernata
908 3154 961 3219 est,

224 3257 282 3297 nec
295 3240 428 3299 Thetidis
442 3241 544 3300 taedas
557 3242 648 3301 voluit
663 3241 809 3300 celebrare
824 3242 936 3317 iugalis.

226 3336 287 3410 Qui
300 3348 457 3412 postquam
470 3338 562 3397 niveis
577 3337 720 3396 flexerunt
734 3338 853 3397 sedibus
867 3349 954 3412 artus,

223 3431 302 3508 large
316 3433 467 3508 multiplici
481 3443 667 3493 constructae
681 3444 749 3493 sunt
763 3434 840 3510 dape
855 3454 984 3510 mensae,

224 3547 294 3587 curn
308 3529 418 3588 interea
432 3530 546 3588 infirmo
560 3532 725 3605 quatientes
740 3550 865 3606 corpora
878 3542 961 3591 motu
1112 3541 1157 3590 ³0⁵

223 3626 369 3684 veridicos
384 3628 492 3685 Parcae
507 3637 668 3702 coeperunt
684 3627 772 3686 edere
787 3639 899 3687 cantus

224 3723 282 3780 His
297 3741 403 3798 corpus
416 3722 571 3782 tremulum
585 3725 786 3800 complectens
800 3724 931 3801 undique
945 3726 1033 3787 vestis

223 3817 353 3878 candida
366 3837 512 3896 purpurea
524 3821 597 3880 talos
611 3821 774 3881 incinxerat
788 3839 848 3896 ora,
