<?xml version="1.0" encoding="UTF-8"?>
<!DOCTYPE html PUBLIC "-//W3C//DTD XHTML 1.0 Transitional//EN"
    "http://www.w3.org/TR/xhtml1/DTD/xhtml1-transitional.dtd">
<html xmlns="http://www.w3.org/1999/xhtml" xml:lang="en" lang="en">
 <head>
  <title>
</title>
<meta http-equiv="Content-Type" content="text/html;charset=utf-8" />
  <meta name='ocr-system' content='tesseract 3.04.00' />
  <meta name='ocr-capabilities' content='ocr_page ocr_carea ocr_par ocr_line ocrx_word'/>
</head>
<body>
  <div class='ocr_page' id='page_1' title='image "./selectionsfroml02crowgoog/selectionsfroml02crowgoog_0065.png"; bbox 0 0 2558 4230; ppageno 0'>
   <div class='ocr_carea' id='block_1_1' title="bbox 107 357 147 424">
    <p class='ocr_par' dir='ltr' id='par_1_1' title="bbox 107 357 147 424">
     <span class='ocr_line' id='line_1_1' title="bbox 107 357 147 424; baseline 0 -17"><span class='ocrx_word' id='word_1_1' title='bbox 107 357 147 424; x_wconf 71' lang='grc'>52</span> 
     </span>
    </p>
   </div>
   <div class='ocr_carea' id='block_1_2' title="bbox 484 341 778 426">
    <p class='ocr_par' dir='ltr' id='par_1_2' title="bbox 484 341 778 426">
     <span class='ocr_line' id='line_1_2' title="bbox 484 341 778 426; baseline 0 -20"><span class='ocrx_word' id='word_1_2' title='bbox 484 342 610 406; x_wconf 66' lang='lat' dir='ltr'>aarum</span> <span class='ocrx_word' id='word_1_3' title='bbox 630 341 778 426; x_wconf 78' lang='lat' dir='ltr'>Elegiae.</span> 
     </span>
    </p>
   </div>
   <div class='ocr_carea' id='block_1_3' title="bbox 178 527 972 3892">
    <p class='ocr_par' dir='ltr' id='par_1_3' title="bbox 224 527 824 605">
     <span class='ocr_line' id='line_1_3' title="bbox 224 527 824 605; baseline -0.002 -18"><span class='ocrx_word' id='word_1_4' title='bbox 224 546 281 587; x_wconf 87' lang='lat' dir='ltr'>nec</span> <span class='ocrx_word' id='word_1_5' title='bbox 295 546 412 604; x_wconf 87' lang='lat' dir='ltr'>semper</span> <span class='ocrx_word' id='word_1_6' title='bbox 424 528 528 605; x_wconf 84' lang='lat' dir='ltr'>longae</span> <span class='ocrx_word' id='word_1_7' title='bbox 543 527 659 588; x_wconf 90' lang='lat' dir='ltr'>deditus</span> <span class='ocrx_word' id='word_1_8' title='bbox 673 546 737 587; x_wconf 88' lang='lat' dir='ltr'>esse</span> <span class='ocrx_word' id='word_1_9' title='bbox 750 527 824 601; x_wconf 88' lang='lat' dir='ltr'>viae,</span> 
     </span>
    </p>

    <p class='ocr_par' dir='ltr' id='par_1_4' title="bbox 185 625 862 799">
     <span class='ocr_line' id='line_1_4' title="bbox 185 625 862 685; baseline -0.001 -1"><span class='ocrx_word' id='word_1_10' title='bbox 185 625 238 684; x_wconf 88' lang='lat' dir='ltr'>sed</span> <span class='ocrx_word' id='word_1_11' title='bbox 253 626 341 685; x_wconf 87' lang='lat' dir='ltr'>Canis</span> <span class='ocrx_word' id='word_1_12' title='bbox 355 627 480 684; x_wconf 89' lang='lat' dir='ltr'>aestivos</span> <span class='ocrx_word' id='word_1_13' title='bbox 495 637 573 684; x_wconf 89' lang='lat' dir='ltr'>ortus</span> <span class='ocrx_word' id='word_1_14' title='bbox 587 627 676 684; x_wconf 87' lang='lat' dir='ltr'>vitare</span> <span class='ocrx_word' id='word_1_15' title='bbox 690 626 745 684; x_wconf 93' lang='lat' dir='ltr'>sub</span> <span class='ocrx_word' id='word_1_16' title='bbox 759 626 862 684; x_wconf 90' lang='lat' dir='ltr'>umbra</span> 
     </span>
     <span class='ocr_line' id='line_1_5' title="bbox 225 723 814 799; baseline 0 -19"><span class='ocrx_word' id='word_1_17' title='bbox 225 723 333 782; x_wconf 88' lang='lat' dir='ltr'>arboris</span> <span class='ocrx_word' id='word_1_18' title='bbox 348 723 387 780; x_wconf 91' lang='lat' dir='ltr'>ad</span> <span class='ocrx_word' id='word_1_19' title='bbox 401 724 475 781; x_wconf 90' lang='lat' dir='ltr'>rivos</span> <span class='ocrx_word' id='word_1_20' title='bbox 490 723 698 799; x_wconf 89' lang='lat' dir='ltr'>praetereuntis</span> <span class='ocrx_word' id='word_1_21' title='bbox 712 740 814 798; x_wconf 87' lang='lat' dir='ltr'>aquae.</span> 
     </span>
    </p>

    <p class='ocr_par' dir='ltr' id='par_1_5' title="bbox 186 819 939 992">
     <span class='ocr_line' id='line_1_6' title="bbox 186 819 939 895; baseline 0.003 -18"><span class='ocrx_word' id='word_1_22' title='bbox 186 820 252 877; x_wconf 88' lang='lat' dir='ltr'>Nec</span> <span class='ocrx_word' id='word_1_23' title='bbox 266 831 365 877; x_wconf 91' lang='lat' dir='ltr'>tamen</span> <span class='ocrx_word' id='word_1_24' title='bbox 379 820 524 878; x_wconf 88' lang='lat' dir='ltr'>interdum</span> <span class='ocrx_word' id='word_1_25' title='bbox 540 821 649 895; x_wconf 89' lang='lat' dir='ltr'>pudeat</span> <span class='ocrx_word' id='word_1_26' title='bbox 663 821 789 877; x_wconf 88' lang='lat' dir='ltr'>tenuisse</span> <span class='ocrx_word' id='word_1_27' title='bbox 804 819 939 879; x_wconf 86' lang='lat' dir='ltr'><strong>bidentes</strong></span> 
     </span>
     <span class='ocr_line' id='line_1_7' title="bbox 225 917 821 992; baseline 0.002 -18"><span class='ocrx_word' id='word_1_28' title='bbox 225 927 274 975; x_wconf 92' lang='lat' dir='ltr'>aut</span> <span class='ocrx_word' id='word_1_29' title='bbox 288 918 403 976; x_wconf 89' lang='lat' dir='ltr'>stimulo</span> <span class='ocrx_word' id='word_1_30' title='bbox 418 917 515 975; x_wconf 88' lang='lat' dir='ltr'>tardos</span> <span class='ocrx_word' id='word_1_31' title='bbox 530 919 707 992; x_wconf 83' lang='lat' dir='ltr'>increpuisse</span> <span class='ocrx_word' id='word_1_32' title='bbox 722 917 821 988; x_wconf 79' lang='lat' dir='ltr'>boveS,</span> 
     </span>
    </p>

    <p class='ocr_par' dir='ltr' id='par_1_6' title="bbox 183 1014 968 1576">
     <span class='ocr_line' id='line_1_8' title="bbox 184 1014 875 1089; baseline 0.001 -18"><span class='ocrx_word' id='word_1_33' title='bbox 184 1032 246 1072; x_wconf 91' lang='lat' dir='ltr'>non</span> <span class='ocrx_word' id='word_1_34' title='bbox 259 1033 399 1089; x_wconf 83' lang='lat' dir='ltr'>agnamve</span> <span class='ocrx_word' id='word_1_35' title='bbox 415 1016 479 1072; x_wconf 87' lang='lat' dir='ltr'>sinu</span> <span class='ocrx_word' id='word_1_36' title='bbox 493 1016 591 1089; x_wconf 78' lang='lat' dir='ltr'>pigeat</span> <span class='ocrx_word' id='word_1_37' title='bbox 605 1015 731 1071; x_wconf 85' lang='lat' dir='ltr'>fetumve</span> <span class='ocrx_word' id='word_1_38' title='bbox 746 1014 875 1089; x_wconf 87' lang='lat' dir='ltr'>capellae</span> 
     </span>
     <span class='ocr_line' id='line_1_9' title="bbox 225 1110 847 1170; baseline 0 -1"><span class='ocrx_word' id='word_1_39' title='bbox 225 1110 373 1169; x_wconf 89' lang='lat' dir='ltr'>desertum</span> <span class='ocrx_word' id='word_1_40' title='bbox 388 1112 476 1169; x_wconf 88' lang='lat' dir='ltr'>oblita</span> <span class='ocrx_word' id='word_1_41' title='bbox 491 1123 581 1168; x_wconf 89' lang='lat' dir='ltr'>matre</span> <span class='ocrx_word' id='word_1_42' title='bbox 597 1112 700 1168; x_wconf 89' lang='lat' dir='ltr'>reserre</span> <span class='ocrx_word' id='word_1_43' title='bbox 716 1110 847 1170; x_wconf 85' lang='lat' dir='ltr'>domum.</span> 
     </span>
     <span class='ocr_line' id='line_1_10' title="bbox 183 1209 823 1283; baseline 0 -17"><span class='ocrx_word' id='word_1_44' title='bbox 183 1210 223 1266; x_wconf 89' lang='lat' dir='ltr'>At</span> <span class='ocrx_word' id='word_1_45' title='bbox 236 1228 287 1266; x_wconf 94' lang='lat' dir='ltr'>vos</span> <span class='ocrx_word' id='word_1_46' title='bbox 302 1210 406 1283; x_wconf 87' lang='lat' dir='ltr'>exiguo</span> <span class='ocrx_word' id='word_1_47' title='bbox 422 1209 531 1283; x_wconf 89' lang='lat' dir='ltr'>pecori,</span> <span class='ocrx_word' id='word_1_48' title='bbox 547 1210 681 1282; x_wconf 84' lang='lat' dir='ltr'>furesque</span> <span class='ocrx_word' id='word_1_49' title='bbox 696 1209 823 1283; x_wconf 87' lang='lat' dir='ltr'>lupique,</span> 
     </span>
     <span class='ocr_line' id='line_1_11' title="bbox 225 1305 913 1381; baseline 0.004 -19"><span class='ocrx_word' id='word_1_50' title='bbox 225 1307 352 1380; x_wconf 92' lang='lat' dir='ltr'>parcite:</span> <span class='ocrx_word' id='word_1_51' title='bbox 376 1305 413 1363; x_wconf 94' lang='lat' dir='ltr'>de</span> <span class='ocrx_word' id='word_1_52' title='bbox 428 1325 535 1380; x_wconf 89' lang='lat' dir='ltr'>magno</span> <span class='ocrx_word' id='word_1_53' title='bbox 550 1305 659 1380; x_wconf 89' lang='lat' dir='ltr'>praeda</span> <span class='ocrx_word' id='word_1_54' title='bbox 673 1305 802 1380; x_wconf 90' lang='lat' dir='ltr'>petenda</span> <span class='ocrx_word' id='word_1_55' title='bbox 816 1324 913 1381; x_wconf 84' lang='lat' dir='ltr'>grege.</span> 
     </span>
     <span class='ocr_line' id='line_1_12' title="bbox 185 1403 968 1478; baseline 0.001 -17"><span class='ocrx_word' id='word_1_56' title='bbox 185 1403 246 1461; x_wconf 91' lang='lat' dir='ltr'>Hic</span> <span class='ocrx_word' id='word_1_57' title='bbox 261 1422 317 1478; x_wconf 80' lang='lat' dir='ltr'>ego</span> <span class='ocrx_word' id='word_1_58' title='bbox 332 1413 536 1478; x_wconf 88' lang='lat' dir='ltr'>pastoremque</span> <span class='ocrx_word' id='word_1_59' title='bbox 552 1422 651 1460; x_wconf 93' lang='lat' dir='ltr'>meum</span> <span class='ocrx_word' id='word_1_60' title='bbox 666 1404 783 1460; x_wconf 89' lang='lat' dir='ltr'>lustrare</span> <span class='ocrx_word' id='word_1_61' title='bbox 799 1403 968 1477; x_wconf 90' lang='lat' dir='ltr'>quotannis</span> 
     </span>
     <span class='ocr_line' id='line_1_13' title="bbox 225 1500 876 1576; baseline 0 -18"><span class='ocrx_word' id='word_1_62' title='bbox 225 1511 254 1558; x_wconf 90' lang='lat' dir='ltr'>et</span> <span class='ocrx_word' id='word_1_63' title='bbox 268 1500 413 1576; x_wconf 87' lang='lat' dir='ltr'>placidam</span> <span class='ocrx_word' id='word_1_64' title='bbox 429 1501 510 1557; x_wconf 89' lang='lat' dir='ltr'>soleo</span> <span class='ocrx_word' id='word_1_65' title='bbox 526 1519 661 1575; x_wconf 87' lang='lat' dir='ltr'>spargere</span> <span class='ocrx_word' id='word_1_66' title='bbox 676 1501 750 1557; x_wconf 90' lang='lat' dir='ltr'>lacte</span> <span class='ocrx_word' id='word_1_67' title='bbox 767 1501 876 1558; x_wconf 89' lang='lat' dir='ltr'>Palem.</span> 
     </span>
    </p>

    <p class='ocr_par' dir='ltr' id='par_1_7' title="bbox 183 1597 839 1770">
     <span class='ocr_line' id='line_1_14' title="bbox 183 1597 839 1672; baseline -0.002 -17"><span class='ocrx_word' id='word_1_68' title='bbox 183 1597 302 1669; x_wconf 84' lang='lat' dir='ltr'>Adsitis,</span> <span class='ocrx_word' id='word_1_69' title='bbox 318 1598 385 1668; x_wconf 93' lang='lat' dir='ltr'>divi,</span> <span class='ocrx_word' id='word_1_70' title='bbox 401 1616 457 1654; x_wconf 92' lang='lat' dir='ltr'>nec</span> <span class='ocrx_word' id='word_1_71' title='bbox 471 1616 523 1654; x_wconf 92' lang='lat' dir='ltr'>vos</span> <span class='ocrx_word' id='word_1_72' title='bbox 540 1597 578 1655; x_wconf 88' lang='lat' dir='ltr'>de</span> <span class='ocrx_word' id='word_1_73' title='bbox 594 1615 721 1672; x_wconf 88' lang='lat' dir='ltr'>paupere</span> <span class='ocrx_word' id='word_1_74' title='bbox 737 1615 839 1654; x_wconf 90' lang='lat' dir='ltr'>mensa</span> 
     </span>
     <span class='ocr_line' id='line_1_15' title="bbox 224 1694 800 1770; baseline 0.002 -18"><span class='ocrx_word' id='word_1_75' title='bbox 224 1694 304 1752; x_wconf 94' lang='lat' dir='ltr'>dona</span> <span class='ocrx_word' id='word_1_76' title='bbox 317 1714 373 1752; x_wconf 89' lang='lat' dir='ltr'>nec</span> <span class='ocrx_word' id='word_1_77' title='bbox 388 1713 405 1752; x_wconf 88' lang='lat' dir='ltr'>e</span> <span class='ocrx_word' id='word_1_78' title='bbox 419 1696 497 1770; x_wconf 92' lang='lat' dir='ltr'>puris</span> <span class='ocrx_word' id='word_1_79' title='bbox 512 1696 639 1770; x_wconf 85' lang='lat' dir='ltr'>spernite</span> <span class='ocrx_word' id='word_1_80' title='bbox 655 1695 800 1754; x_wconf 81' lang='lat' dir='ltr'>fictilibus.</span> 
     </span>
    </p>

    <p class='ocr_par' dir='ltr' id='par_1_8' title="bbox 184 1792 872 1965">
     <span class='ocr_line' id='line_1_16' title="bbox 184 1792 872 1868; baseline 0.003 -19"><span class='ocrx_word' id='word_1_81' title='bbox 184 1793 298 1849; x_wconf 88' lang='lat' dir='ltr'>Fictilia</span> <span class='ocrx_word' id='word_1_82' title='bbox 311 1793 445 1867; x_wconf 89' lang='lat' dir='ltr'>antiquus</span> <span class='ocrx_word' id='word_1_83' title='bbox 460 1794 586 1868; x_wconf 91' lang='lat' dir='ltr'>primum</span> <span class='ocrx_word' id='word_1_84' title='bbox 602 1794 656 1851; x_wconf 91' lang='lat' dir='ltr'>sibi</span> <span class='ocrx_word' id='word_1_85' title='bbox 670 1793 739 1850; x_wconf 85' lang='lat' dir='ltr'>fecit</span> <span class='ocrx_word' id='word_1_86' title='bbox 753 1792 872 1867; x_wconf 84' lang='lat' dir='ltr'>agrestis</span> 
     </span>
     <span class='ocr_line' id='line_1_17' title="bbox 224 1889 808 1965; baseline 0.005 -20"><span class='ocrx_word' id='word_1_87' title='bbox 224 1890 338 1963; x_wconf 88' lang='lat' dir='ltr'>pocula,</span> <span class='ocrx_word' id='word_1_88' title='bbox 354 1889 392 1946; x_wconf 92' lang='lat' dir='ltr'>de</span> <span class='ocrx_word' id='word_1_89' title='bbox 408 1890 483 1947; x_wconf 85' lang='lat' dir='ltr'>facili</span> <span class='ocrx_word' id='word_1_90' title='bbox 499 1891 723 1965; x_wconf 87' lang='lat' dir='ltr'>composuitque</span> <span class='ocrx_word' id='word_1_91' title='bbox 737 1889 808 1948; x_wconf 77' lang='lat' dir='ltr'>luto,</span> 
     </span>
    </p>

    <p class='ocr_par' dir='ltr' id='par_1_9' title="bbox 183 1987 904 2159">
     <span class='ocr_line' id='line_1_18' title="bbox 183 1987 904 2063; baseline 0.006 -21"><span class='ocrx_word' id='word_1_92' title='bbox 183 1987 253 2043; x_wconf 94' lang='lat' dir='ltr'>Non</span> <span class='ocrx_word' id='word_1_93' title='bbox 268 2005 323 2061; x_wconf 84' lang='lat' dir='ltr'>ego</span> <span class='ocrx_word' id='word_1_94' title='bbox 339 1987 452 2044; x_wconf 91' lang='lat' dir='ltr'>divitias</span> <span class='ocrx_word' id='word_1_95' title='bbox 467 1999 581 2063; x_wconf 89' lang='lat' dir='ltr'>patrum</span> <span class='ocrx_word' id='word_1_96' title='bbox 596 1988 763 2063; x_wconf 79' lang='lat' dir='ltr'>fructusque</span> <span class='ocrx_word' id='word_1_97' title='bbox 779 1988 904 2062; x_wconf 79' lang='lat' dir='ltr'>require,</span> 
     </span>
     <span class='ocr_line' id='line_1_19' title="bbox 222 2084 849 2159; baseline 0.003 -19"><span class='ocrx_word' id='word_1_98' title='bbox 222 2102 295 2157; x_wconf 90' lang='lat' dir='ltr'>quos</span> <span class='ocrx_word' id='word_1_99' title='bbox 310 2084 374 2140; x_wconf 89' lang='lat' dir='ltr'>tulit</span> <span class='ocrx_word' id='word_1_100' title='bbox 389 2085 509 2159; x_wconf 88' lang='lat' dir='ltr'>antiquo</span> <span class='ocrx_word' id='word_1_101' title='bbox 526 2084 646 2141; x_wconf 90' lang='lat' dir='ltr'>condita</span> <span class='ocrx_word' id='word_1_102' title='bbox 661 2085 761 2142; x_wconf 91' lang='lat' dir='ltr'>messis</span> <span class='ocrx_word' id='word_1_103' title='bbox 776 2103 849 2142; x_wconf 87' lang='lat' dir='ltr'>avo:</span> 
     </span>
    </p>

    <p class='ocr_par' dir='ltr' id='par_1_10' title="bbox 181 2181 962 2336">
     <span class='ocr_line' id='line_1_20' title="bbox 181 2181 962 2256; baseline 0.004 -19"><span class='ocrx_word' id='word_1_104' title='bbox 181 2197 271 2255; x_wconf 86' lang='lat' dir='ltr'>parva</span> <span class='ocrx_word' id='word_1_105' title='bbox 285 2199 367 2256; x_wconf 88' lang='lat' dir='ltr'>seges</span> <span class='ocrx_word' id='word_1_106' title='bbox 382 2182 450 2239; x_wconf 91' lang='lat' dir='ltr'>satis</span> <span class='ocrx_word' id='word_1_107' title='bbox 467 2193 519 2252; x_wconf 91' lang='lat' dir='ltr'>est,</span> <span class='ocrx_word' id='word_1_108' title='bbox 535 2183 603 2238; x_wconf 89' lang='lat' dir='ltr'>satis</span> <span class='ocrx_word' id='word_1_109' title='bbox 618 2192 670 2251; x_wconf 91' lang='lat' dir='ltr'>est,</span> <span class='ocrx_word' id='word_1_110' title='bbox 685 2182 868 2256; x_wconf 90' lang='lat' dir='ltr'>requiescere</span> <span class='ocrx_word' id='word_1_111' title='bbox 883 2181 962 2240; x_wconf 91' lang='lat' dir='ltr'>lecto</span> 
     </span>
     <span class='ocr_line' id='line_1_21' title="bbox 223 2277 833 2336; baseline 0.003 -2"><span class='ocrx_word' id='word_1_112' title='bbox 223 2277 264 2334; x_wconf 94' lang='lat' dir='ltr'>sei</span> <span class='ocrx_word' id='word_1_113' title='bbox 279 2278 346 2336; x_wconf 88' lang='lat' dir='ltr'>licet</span> <span class='ocrx_word' id='word_1_114' title='bbox 360 2289 390 2336; x_wconf 93' lang='lat' dir='ltr'>et</span> <span class='ocrx_word' id='word_1_115' title='bbox 404 2279 488 2336; x_wconf 91' lang='lat' dir='ltr'>solito</span> <span class='ocrx_word' id='word_1_116' title='bbox 504 2280 637 2335; x_wconf 88' lang='lat' dir='ltr'>membra</span> <span class='ocrx_word' id='word_1_117' title='bbox 651 2279 744 2336; x_wconf 88' lang='lat' dir='ltr'>levare</span> <span class='ocrx_word' id='word_1_118' title='bbox 760 2287 833 2336; x_wconf 91' lang='lat' dir='ltr'>tor0.</span> 
     </span>
    </p>

    <p class='ocr_par' dir='ltr' id='par_1_11' title="bbox 182 2373 911 2530">
     <span class='ocr_line' id='line_1_22' title="bbox 182 2373 911 2447; baseline 0.004 -17"><span class='ocrx_word' id='word_1_119' title='bbox 182 2373 279 2447; x_wconf 86' lang='lat' dir='ltr'>Quam</span> <span class='ocrx_word' id='word_1_120' title='bbox 293 2376 370 2433; x_wconf 89' lang='lat' dir='ltr'>iuvat</span> <span class='ocrx_word' id='word_1_121' title='bbox 384 2376 509 2433; x_wconf 92' lang='lat' dir='ltr'>immites</span> <span class='ocrx_word' id='word_1_122' title='bbox 523 2386 624 2433; x_wconf 91' lang='lat' dir='ltr'>ventos</span> <span class='ocrx_word' id='word_1_123' title='bbox 639 2374 738 2432; x_wconf 91' lang='lat' dir='ltr'>audire</span> <span class='ocrx_word' id='word_1_124' title='bbox 753 2375 911 2433; x_wconf 88' lang='lat' dir='ltr'>cubantem</span> 
     </span>
     <span class='ocr_line' id='line_1_23' title="bbox 222 2471 783 2530; baseline 0.004 -3"><span class='ocrx_word' id='word_1_125' title='bbox 222 2481 252 2528; x_wconf 92' lang='lat' dir='ltr'>et</span> <span class='ocrx_word' id='word_1_126' title='bbox 265 2471 415 2529; x_wconf 90' lang='lat' dir='ltr'>dominam</span> <span class='ocrx_word' id='word_1_127' title='bbox 431 2482 532 2530; x_wconf 90' lang='lat' dir='ltr'>tenero</span> <span class='ocrx_word' id='word_1_128' title='bbox 547 2472 704 2529; x_wconf 87' lang='lat' dir='ltr'>detinuisse</span> <span class='ocrx_word' id='word_1_129' title='bbox 716 2472 783 2530; x_wconf 89' lang='lat' dir='ltr'>sinu</span> 
     </span>
    </p>

    <p class='ocr_par' dir='ltr' id='par_1_12' title="bbox 181 2567 951 2741">
     <span class='ocr_line' id='line_1_24' title="bbox 181 2567 951 2644; baseline 0.005 -21"><span class='ocrx_word' id='word_1_130' title='bbox 181 2577 239 2639; x_wconf 92' lang='lat' dir='ltr'>aut,</span> <span class='ocrx_word' id='word_1_131' title='bbox 255 2567 363 2641; x_wconf 87' lang='lat' dir='ltr'>gelidas</span> <span class='ocrx_word' id='word_1_132' title='bbox 378 2569 514 2626; x_wconf 90' lang='lat' dir='ltr'>hibernus</span> <span class='ocrx_word' id='word_1_133' title='bbox 529 2588 619 2644; x_wconf 87' lang='lat' dir='ltr'>aquas</span> <span class='ocrx_word' id='word_1_134' title='bbox 635 2587 703 2626; x_wconf 94' lang='lat' dir='ltr'>cum</span> <span class='ocrx_word' id='word_1_135' title='bbox 718 2569 824 2627; x_wconf 85' lang='lat' dir='ltr'>fuderit</span> <span class='ocrx_word' id='word_1_136' title='bbox 838 2571 951 2642; x_wconf 87' lang='lat' dir='ltr'>Auster,</span> 
     </span>
     <span class='ocr_line' id='line_1_25' title="bbox 221 2667 845 2741; baseline 0.005 -20"><span class='ocrx_word' id='word_1_137' title='bbox 221 2683 355 2722; x_wconf 89' lang='lat' dir='ltr'>securum</span> <span class='ocrx_word' id='word_1_138' title='bbox 370 2684 489 2723; x_wconf 90' lang='lat' dir='ltr'>somnos</span> <span class='ocrx_word' id='word_1_139' title='bbox 504 2667 596 2724; x_wconf 89' lang='lat' dir='ltr'>imbre</span> <span class='ocrx_word' id='word_1_140' title='bbox 612 2667 727 2724; x_wconf 90' lang='lat' dir='ltr'>iuvante</span> <span class='ocrx_word' id='word_1_141' title='bbox 742 2667 845 2741; x_wconf 85' lang='lat' dir='ltr'>sequi!</span> 
     </span>
    </p>

    <p class='ocr_par' dir='ltr' id='par_1_13' title="bbox 182 2761 902 2935">
     <span class='ocr_line' id='line_1_26' title="bbox 182 2761 902 2838; baseline 0.006 -20"><span class='ocrx_word' id='word_1_142' title='bbox 182 2761 253 2818; x_wconf 93' lang='lat' dir='ltr'>Hoc</span> <span class='ocrx_word' id='word_1_143' title='bbox 267 2762 337 2819; x_wconf 91' lang='lat' dir='ltr'>mihi</span> <span class='ocrx_word' id='word_1_144' title='bbox 352 2763 520 2838; x_wconf 87' lang='lat' dir='ltr'>contingat:</span> <span class='ocrx_word' id='word_1_145' title='bbox 543 2764 580 2820; x_wconf 87' lang='lat' dir='ltr'>sit</span> <span class='ocrx_word' id='word_1_146' title='bbox 594 2763 675 2821; x_wconf 90' lang='lat' dir='ltr'>dives</span> <span class='ocrx_word' id='word_1_147' title='bbox 691 2764 760 2834; x_wconf 89' lang='lat' dir='ltr'>iure,</span> <span class='ocrx_word' id='word_1_148' title='bbox 776 2765 902 2822; x_wconf 86' lang='lat' dir='ltr'>furorem</span> 
     </span>
     <span class='ocr_line' id='line_1_27' title="bbox 221 2859 858 2935; baseline 0.006 -20"><span class='ocrx_word' id='word_1_149' title='bbox 221 2859 271 2933; x_wconf 93' lang='lat' dir='ltr'>qui</span> <span class='ocrx_word' id='word_1_150' title='bbox 285 2860 370 2916; x_wconf 91' lang='lat' dir='ltr'>maris</span> <span class='ocrx_word' id='word_1_151' title='bbox 386 2869 415 2916; x_wconf 92' lang='lat' dir='ltr'>et</span> <span class='ocrx_word' id='word_1_152' title='bbox 429 2861 523 2917; x_wconf 89' lang='lat' dir='ltr'>tristes</span> <span class='ocrx_word' id='word_1_153' title='bbox 538 2861 611 2916; x_wconf 83' lang='lat' dir='ltr'>ferre</span> <span class='ocrx_word' id='word_1_154' title='bbox 626 2871 723 2935; x_wconf 93' lang='lat' dir='ltr'>potest</span> <span class='ocrx_word' id='word_1_155' title='bbox 738 2862 858 2935; x_wconf 84' lang='lat' dir='ltr'>pluvias.</span> 
     </span>
    </p>

    <p class='ocr_par' dir='ltr' id='par_1_14' title="bbox 180 2954 950 3129">
     <span class='ocr_line' id='line_1_28' title="bbox 180 2954 950 3033; baseline 0.003 -20"><span class='ocrx_word' id='word_1_156' title='bbox 180 2954 209 3013; x_wconf 94' lang='lat' dir='ltr'>O</span> <span class='ocrx_word' id='word_1_157' title='bbox 223 2967 364 3029; x_wconf 86' lang='lat' dir='ltr'>quantum</span> <span class='ocrx_word' id='word_1_158' title='bbox 379 2967 422 3013; x_wconf 94' lang='lat' dir='ltr'>est</span> <span class='ocrx_word' id='word_1_159' title='bbox 436 2958 496 3014; x_wconf 89' lang='lat' dir='ltr'>auri</span> <span class='ocrx_word' id='word_1_160' title='bbox 511 2967 611 3031; x_wconf 91' lang='lat' dir='ltr'>pereat</span> <span class='ocrx_word' id='word_1_161' title='bbox 625 2958 780 3032; x_wconf 88' lang='lat' dir='ltr'>potiusque</span> <span class='ocrx_word' id='word_1_162' title='bbox 796 2955 950 3033; x_wconf 87' lang='lat' dir='ltr'>smaragdi,</span> 
     </span>
     <span class='ocr_line' id='line_1_29' title="bbox 220 3052 835 3129; baseline 0.008 -21"><span class='ocrx_word' id='word_1_163' title='bbox 220 3069 308 3125; x_wconf 90' lang='lat' dir='ltr'>quam</span> <span class='ocrx_word' id='word_1_164' title='bbox 323 3052 390 3110; x_wconf 89' lang='lat' dir='ltr'>fleat</span> <span class='ocrx_word' id='word_1_165' title='bbox 404 3053 443 3110; x_wconf 92' lang='lat' dir='ltr'>ob</span> <span class='ocrx_word' id='word_1_166' title='bbox 457 3064 569 3111; x_wconf 89' lang='lat' dir='ltr'>nostras</span> <span class='ocrx_word' id='word_1_167' title='bbox 585 3055 642 3112; x_wconf 90' lang='lat' dir='ltr'>ulla</span> <span class='ocrx_word' id='word_1_168' title='bbox 656 3055 752 3129; x_wconf 89' lang='lat' dir='ltr'>puella</span> <span class='ocrx_word' id='word_1_169' title='bbox 765 3056 835 3113; x_wconf 84' lang='lat' dir='ltr'>vias.</span> 
     </span>
    </p>

    <p class='ocr_par' dir='ltr' id='par_1_15' title="bbox 179 3148 851 3322">
     <span class='ocr_line' id='line_1_30' title="bbox 179 3148 851 3226; baseline 0.006 -22"><span class='ocrx_word' id='word_1_170' title='bbox 179 3148 223 3205; x_wconf 90' lang='lat' dir='ltr'>Te</span> <span class='ocrx_word' id='word_1_171' title='bbox 237 3148 343 3206; x_wconf 90' lang='lat' dir='ltr'>bellare</span> <span class='ocrx_word' id='word_1_172' title='bbox 359 3149 446 3207; x_wconf 89' lang='lat' dir='ltr'>decet</span> <span class='ocrx_word' id='word_1_173' title='bbox 460 3161 543 3222; x_wconf 89' lang='lat' dir='ltr'>terra,</span> <span class='ocrx_word' id='word_1_174' title='bbox 560 3153 696 3222; x_wconf 86' lang='lat' dir='ltr'>Messala,</span> <span class='ocrx_word' id='word_1_175' title='bbox 712 3152 851 3226; x_wconf 91' lang='lat' dir='ltr'>marique,</span> 
     </span>
     <span class='ocr_line' id='line_1_31' title="bbox 219 3244 797 3322; baseline 0.009 -21"><span class='ocrx_word' id='word_1_176' title='bbox 219 3254 251 3302; x_wconf 91' lang='lat' dir='ltr'>ut</span> <span class='ocrx_word' id='word_1_177' title='bbox 266 3244 370 3303; x_wconf 88' lang='lat' dir='ltr'>domus</span> <span class='ocrx_word' id='word_1_178' title='bbox 385 3245 502 3304; x_wconf 89' lang='lat' dir='ltr'>hostiles</span> <span class='ocrx_word' id='word_1_179' title='bbox 517 3249 658 3322; x_wconf 85' lang='lat' dir='ltr'>praeferat</span> <span class='ocrx_word' id='word_1_180' title='bbox 673 3249 797 3306; x_wconf 88' lang='lat' dir='ltr'>exuvias.</span> 
     </span>
    </p>

    <p class='ocr_par' dir='ltr' id='par_1_16' title="bbox 179 3341 972 3518">
     <span class='ocr_line' id='line_1_32' title="bbox 179 3341 860 3416; baseline 0.009 -19"><span class='ocrx_word' id='word_1_181' title='bbox 179 3342 249 3398; x_wconf 94' lang='lat' dir='ltr'>Non</span> <span class='ocrx_word' id='word_1_182' title='bbox 264 3360 318 3416; x_wconf 87' lang='lat' dir='ltr'>ego</span> <span class='ocrx_word' id='word_1_183' title='bbox 333 3341 442 3400; x_wconf 88' lang='lat' dir='ltr'>laudari</span> <span class='ocrx_word' id='word_1_184' title='bbox 457 3362 537 3414; x_wconf 81' lang='lat' dir='ltr'>curO,</span> <span class='ocrx_word' id='word_1_185' title='bbox 553 3364 620 3401; x_wconf 92' lang='lat' dir='ltr'>mea</span> <span class='ocrx_word' id='word_1_186' title='bbox 634 3345 736 3403; x_wconf 88' lang='lat' dir='ltr'>Delia:</span> <span class='ocrx_word' id='word_1_187' title='bbox 760 3355 860 3404; x_wconf 90' lang='lat' dir='ltr'>tecum</span> 
     </span>
     <span class='ocr_line' id='line_1_33' title="bbox 219 3437 972 3518; baseline 0.012 -23"><span class='ocrx_word' id='word_1_188' title='bbox 219 3437 290 3497; x_wconf 92' lang='lat' dir='ltr'>dum</span> <span class='ocrx_word' id='word_1_189' title='bbox 306 3439 396 3497; x_wconf 92' lang='lat' dir='ltr'>modo</span> <span class='ocrx_word' id='word_1_190' title='bbox 411 3440 474 3511; x_wconf 91' lang='lat' dir='ltr'>sim,</span> <span class='ocrx_word' id='word_1_191' title='bbox 490 3460 599 3515; x_wconf 91' lang='lat' dir='ltr'>quaeso</span> <span class='ocrx_word' id='word_1_192' title='bbox 614 3444 710 3518; x_wconf 85' lang='lat' dir='ltr'>segnis</span> <span class='ocrx_word' id='word_1_193' title='bbox 725 3443 860 3518; x_wconf 88' lang='lat' dir='ltr'>inersque</span> <span class='ocrx_word' id='word_1_194' title='bbox 874 3462 972 3506; x_wconf 90' lang='lat' dir='ltr'>vocer.</span> 
     </span>
    </p>

    <p class='ocr_par' dir='ltr' id='par_1_17' title="bbox 178 3535 914 3697">
     <span class='ocr_line' id='line_1_34' title="bbox 178 3535 914 3616; baseline 0.012 -25"><span class='ocrx_word' id='word_1_195' title='bbox 178 3535 222 3591; x_wconf 91' lang='lat' dir='ltr'>Te</span> <span class='ocrx_word' id='word_1_196' title='bbox 237 3546 377 3610; x_wconf 89' lang='lat' dir='ltr'>spectem,</span> <span class='ocrx_word' id='word_1_197' title='bbox 393 3556 528 3612; x_wconf 89' lang='lat' dir='ltr'>suprema</span> <span class='ocrx_word' id='word_1_198' title='bbox 542 3540 612 3596; x_wconf 92' lang='lat' dir='ltr'>mihi</span> <span class='ocrx_word' id='word_1_199' title='bbox 627 3559 695 3598; x_wconf 91' lang='lat' dir='ltr'>cum</span> <span class='ocrx_word' id='word_1_200' title='bbox 709 3542 819 3598; x_wconf 89' lang='lat' dir='ltr'>venerit</span> <span class='ocrx_word' id='word_1_201' title='bbox 833 3541 914 3616; x_wconf 87' lang='lat' dir='ltr'>hora,</span> 
     </span>
     <span class='ocr_line' id='line_1_35' title="bbox 217 3635 802 3697; baseline 0.014 -9"><span class='ocrx_word' id='word_1_202' title='bbox 217 3642 247 3689; x_wconf 91' lang='lat' dir='ltr'>te</span> <span class='ocrx_word' id='word_1_203' title='bbox 262 3642 378 3692; x_wconf 91' lang='lat' dir='ltr'>teneam</span> <span class='ocrx_word' id='word_1_204' title='bbox 392 3635 518 3692; x_wconf 89' lang='lat' dir='ltr'>moriens</span> <span class='ocrx_word' id='word_1_205' title='bbox 534 3635 689 3694; x_wconf 89' lang='lat' dir='ltr'>deficiente</span> <span class='ocrx_word' id='word_1_206' title='bbox 705 3657 802 3697; x_wconf 91' lang='lat' dir='ltr'>manu.</span> 
     </span>
    </p>

    <p class='ocr_par' dir='ltr' id='par_1_18' title="bbox 178 3728 856 3892">
     <span class='ocr_line' id='line_1_36' title="bbox 178 3728 856 3807; baseline 0.012 -22"><span class='ocrx_word' id='word_1_207' title='bbox 178 3728 275 3786; x_wconf 89' lang='lat' dir='ltr'>Flebis</span> <span class='ocrx_word' id='word_1_208' title='bbox 290 3739 319 3786; x_wconf 91' lang='lat' dir='ltr'>et</span> <span class='ocrx_word' id='word_1_209' title='bbox 333 3749 430 3788; x_wconf 88' lang='lat' dir='ltr'>arsuro</span> <span class='ocrx_word' id='word_1_210' title='bbox 445 3732 571 3807; x_wconf 91' lang='lat' dir='ltr'>positum</span> <span class='ocrx_word' id='word_1_211' title='bbox 586 3752 644 3805; x_wconf 92' lang='lat' dir='ltr'>me,</span> <span class='ocrx_word' id='word_1_212' title='bbox 661 3735 754 3806; x_wconf 89' lang='lat' dir='ltr'>Delia,</span> <span class='ocrx_word' id='word_1_213' title='bbox 769 3736 856 3807; x_wconf 91' lang='lat' dir='ltr'>lecto,</span> 
     </span>
     <span class='ocr_line' id='line_1_37' title="bbox 217 3824 854 3892; baseline 0.014 -10"><span class='ocrx_word' id='word_1_214' title='bbox 217 3824 345 3885; x_wconf 90' lang='lat' dir='ltr'>tristibus</span> <span class='ocrx_word' id='word_1_215' title='bbox 359 3837 389 3885; x_wconf 90' lang='lat' dir='ltr'>et</span> <span class='ocrx_word' id='word_1_216' title='bbox 402 3827 528 3887; x_wconf 89' lang='lat' dir='ltr'>lacrimis</span> <span class='ocrx_word' id='word_1_217' title='bbox 542 3831 643 3888; x_wconf 90' lang='lat' dir='ltr'>oscula</span> <span class='ocrx_word' id='word_1_218' title='bbox 657 3831 747 3890; x_wconf 87' lang='lat' dir='ltr'>mixta</span> <span class='ocrx_word' id='word_1_219' title='bbox 762 3831 854 3892; x_wconf 87' lang='lat' dir='ltr'>dabis.</span> 
     </span>
    </p>
   </div>
   <div class='ocr_carea' id='block_1_4' title="bbox 0 0 1284 4230">
    <p class='ocr_par' dir='ltr' id='par_1_19' title="bbox 0 0 1284 4230">
     <span class='ocr_line' id='line_1_38' title="bbox 0 0 1284 4230; baseline 0 2"><span class='ocrx_word' id='word_1_220' title='bbox 0 0 1284 4230; x_wconf 95' lang='lat' dir='ltr'> </span> 
     </span>
    </p>
   </div>
  </div>
 </body>
</html>
