<?xml version="1.0" encoding="UTF-8"?>
<!DOCTYPE html PUBLIC "-//W3C//DTD XHTML 1.0 Transitional//EN"
    "http://www.w3.org/TR/xhtml1/DTD/xhtml1-transitional.dtd">
<html xmlns="http://www.w3.org/1999/xhtml" xml:lang="en" lang="en">
 <head>
  <title>
</title>
<meta http-equiv="Content-Type" content="text/html;charset=utf-8" />
  <meta name='ocr-system' content='tesseract 3.04.00' />
  <meta name='ocr-capabilities' content='ocr_page ocr_carea ocr_par ocr_line ocrx_word'/>
</head>
<body>
  <div class='ocr_page' id='page_1' title='image "./selectionsfroml02crowgoog/selectionsfroml02crowgoog_0088.png"; bbox 0 0 2558 4230; ppageno 0'>
   <div class='ocr_carea' id='block_1_1' title="bbox 455 336 795 422">
    <p class='ocr_par' dir='ltr' id='par_1_1' title="bbox 455 336 795 422">
     <span class='ocr_line' id='line_1_1' title="bbox 455 336 795 422; baseline 0.003 -21"><span class='ocrx_word' id='word_1_1' title='bbox 455 336 628 421; x_wconf 78' lang='lat' dir='ltr'><em>Propertii</em></span> <span class='ocrx_word' id='word_1_2' title='bbox 647 336 795 422; x_wconf 83' lang='lat' dir='ltr'><em>Elegiae.</em></span> 
     </span>
    </p>
   </div>
   <div class='ocr_carea' id='block_1_2' title="bbox 505 601 755 681">
    <p class='ocr_par' dir='ltr' id='par_1_2' title="bbox 505 601 755 681">
     <span class='ocr_line' id='line_1_2' title="bbox 505 601 755 681; baseline -0.004 0"><span class='ocrx_word' id='word_1_3' title='bbox 505 603 594 663; x_wconf 86' lang='lat' dir='ltr'>vm.</span> <span class='ocrx_word' id='word_1_4' title='bbox 640 601 755 681; x_wconf 70' lang='lat' dir='ltr'>(us)</span> 
     </span>
    </p>
   </div>
   <div class='ocr_carea' id='block_1_3' title="bbox 176 727 1121 3916">
    <p class='ocr_par' dir='ltr' id='par_1_3' title="bbox 177 727 982 900">
     <span class='ocr_line' id='line_1_3' title="bbox 177 727 982 803; baseline -0.004 -16"><span class='ocrx_word' id='word_1_5' title='bbox 177 727 260 787; x_wconf 87' lang='lat' dir='ltr'><strong>Pacis</strong></span> <span class='ocrx_word' id='word_1_6' title='bbox 273 729 368 786; x_wconf 89' lang='lat' dir='ltr'>Amor</span> <span class='ocrx_word' id='word_1_7' title='bbox 382 727 457 786; x_wconf 93' lang='lat' dir='ltr'>deus</span> <span class='ocrx_word' id='word_1_8' title='bbox 471 736 524 800; x_wconf 90' lang='lat' dir='ltr'>est,</span> <span class='ocrx_word' id='word_1_9' title='bbox 538 744 645 803; x_wconf 90' lang='lat' dir='ltr'>pacem</span> <span class='ocrx_word' id='word_1_10' title='bbox 658 744 830 785; x_wconf 87' lang='lat' dir='ltr'>veneramur</span> <span class='ocrx_word' id='word_1_11' title='bbox 843 734 982 785; x_wconf 89' lang='lat' dir='ltr'>amantes.</span> 
     </span>
     <span class='ocr_line' id='line_1_4' title="bbox 215 823 915 900; baseline -0.004 -15"><span class='ocrx_word' id='word_1_12' title='bbox 215 825 297 885; x_wconf 86' lang='lat' dir='ltr'><strong>Stant</strong></span> <span class='ocrx_word' id='word_1_13' title='bbox 311 824 385 882; x_wconf 90' lang='lat' dir='ltr'>mihi</span> <span class='ocrx_word' id='word_1_14' title='bbox 399 843 469 882; x_wconf 92' lang='lat' dir='ltr'>cum</span> <span class='ocrx_word' id='word_1_15' title='bbox 483 823 605 882; x_wconf 92' lang='lat' dir='ltr'>domina</span> <span class='ocrx_word' id='word_1_16' title='bbox 618 825 730 900; x_wconf 89' lang='lat' dir='ltr'>proelia</span> <span class='ocrx_word' id='word_1_17' title='bbox 744 823 816 882; x_wconf 89' lang='lat' dir='ltr'>dura</span> <span class='ocrx_word' id='word_1_18' title='bbox 830 841 915 882; x_wconf 90' lang='lat' dir='ltr'>mea:</span> 
     </span>
    </p>

    <p class='ocr_par' dir='ltr' id='par_1_4' title="bbox 176 920 889 1095">
     <span class='ocr_line' id='line_1_5' title="bbox 176 920 889 998; baseline -0.003 -18"><span class='ocrx_word' id='word_1_19' title='bbox 176 940 232 980; x_wconf 90' lang='lat' dir='ltr'>nec</span> <span class='ocrx_word' id='word_1_20' title='bbox 245 932 345 980; x_wconf 88' lang='lat' dir='ltr'>tamen</span> <span class='ocrx_word' id='word_1_21' title='bbox 359 921 454 980; x_wconf 86' lang='lat' dir='ltr'>inviso</span> <span class='ocrx_word' id='word_1_22' title='bbox 467 931 571 998; x_wconf 90' lang='lat' dir='ltr'>pectus</span> <span class='ocrx_word' id='word_1_23' title='bbox 585 921 657 978; x_wconf 92' lang='lat' dir='ltr'>mihi</span> <span class='ocrx_word' id='word_1_24' title='bbox 670 920 797 996; x_wconf 86' lang='lat' dir='ltr'>carpitur</span> <span class='ocrx_word' id='word_1_25' title='bbox 809 938 889 992; x_wconf 89' lang='lat' dir='ltr'>auro,</span> 
     </span>
     <span class='ocr_line' id='line_1_6' title="bbox 215 1017 826 1095; baseline -0.005 -17"><span class='ocrx_word' id='word_1_26' title='bbox 215 1038 273 1078; x_wconf 90' lang='lat' dir='ltr'>uec</span> <span class='ocrx_word' id='word_1_27' title='bbox 286 1019 362 1078; x_wconf 83' lang='lat' dir='ltr'>b1bit</span> <span class='ocrx_word' id='word_1_28' title='bbox 376 1037 393 1077; x_wconf 96' lang='lat' dir='ltr'>e</span> <span class='ocrx_word' id='word_1_29' title='bbox 408 1035 527 1095; x_wconf 86' lang='lat' dir='ltr'>gemma</span> <span class='ocrx_word' id='word_1_30' title='bbox 540 1017 629 1076; x_wconf 89' lang='lat' dir='ltr'>divite</span> <span class='ocrx_word' id='word_1_31' title='bbox 644 1027 744 1076; x_wconf 89' lang='lat' dir='ltr'>nostra</span> <span class='ocrx_word' id='word_1_32' title='bbox 758 1018 826 1088; x_wconf 92' lang='lat' dir='ltr'>sitis,</span> 
     </span>
    </p>

    <p class='ocr_par' dir='ltr' id='par_1_5' title="bbox 177 1115 1091 1289">
     <span class='ocr_line' id='line_1_7' title="bbox 177 1115 1091 1192; baseline -0.005 -16"><span class='ocrx_word' id='word_1_33' title='bbox 177 1135 232 1176; x_wconf 90' lang='lat' dir='ltr'>nec</span> <span class='ocrx_word' id='word_1_34' title='bbox 245 1116 319 1175; x_wconf 92' lang='lat' dir='ltr'>mihi</span> <span class='ocrx_word' id='word_1_35' title='bbox 332 1117 412 1175; x_wconf 91' lang='lat' dir='ltr'>mille</span> <span class='ocrx_word' id='word_1_36' title='bbox 427 1116 500 1192; x_wconf 85' lang='lat' dir='ltr'>iugis</span> <span class='ocrx_word' id='word_1_37' title='bbox 515 1115 679 1190; x_wconf 89' lang='lat' dir='ltr'>Campania</span> <span class='ocrx_word' id='word_1_38' title='bbox 692 1115 807 1189; x_wconf 83' lang='lat' dir='ltr'>pinguis</span> <span class='ocrx_word' id='word_1_39' title='bbox 822 1123 925 1186; x_wconf 86' lang='lat' dir='ltr'>aratur,</span> <span class='ocrx_word' id='word_1_40' title='bbox 1076 1122 1091 1171; x_wconf 81' lang='grc'><strong><em>5</em></strong></span> 
     </span>
     <span class='ocr_line' id='line_1_8' title="bbox 215 1210 894 1289; baseline -0.007 -16"><span class='ocrx_word' id='word_1_41' title='bbox 215 1232 272 1273; x_wconf 89' lang='lat' dir='ltr'>nec</span> <span class='ocrx_word' id='word_1_42' title='bbox 286 1214 377 1273; x_wconf 90' lang='lat' dir='ltr'>miser</span> <span class='ocrx_word' id='word_1_43' title='bbox 390 1232 459 1272; x_wconf 89' lang='lat' dir='ltr'>aera</span> <span class='ocrx_word' id='word_1_44' title='bbox 472 1231 544 1289; x_wconf 91' lang='lat' dir='ltr'>paro</span> <span class='ocrx_word' id='word_1_45' title='bbox 558 1210 653 1282; x_wconf 87' lang='lat' dir='ltr'>clade,</span> <span class='ocrx_word' id='word_1_46' title='bbox 669 1211 819 1282; x_wconf 87' lang='lat' dir='ltr'>Corinthe,</span> <span class='ocrx_word' id='word_1_47' title='bbox 834 1220 894 1269; x_wconf 90' lang='lat' dir='ltr'>tua.</span> 
     </span>
    </p>

    <p class='ocr_par' dir='ltr' id='par_1_6' title="bbox 180 1308 860 1485">
     <span class='ocr_line' id='line_1_9' title="bbox 180 1308 860 1387; baseline -0.004 -17"><span class='ocrx_word' id='word_1_48' title='bbox 180 1311 206 1371; x_wconf 95' lang='grc' dir='ltr'>Ο</span> <span class='ocrx_word' id='word_1_49' title='bbox 219 1312 313 1387; x_wconf 89' lang='lat' dir='ltr'>prima</span> <span class='ocrx_word' id='word_1_50' title='bbox 325 1311 426 1369; x_wconf 83' lang='lat' dir='ltr'>infelix</span> <span class='ocrx_word' id='word_1_51' title='bbox 439 1310 560 1385; x_wconf 84' lang='lat' dir='ltr'>fingenti</span> <span class='ocrx_word' id='word_1_52' title='bbox 575 1318 651 1367; x_wconf 88' lang='lat' dir='ltr'>terra</span> <span class='ocrx_word' id='word_1_53' title='bbox 665 1308 840 1366; x_wconf 89' lang='lat' dir='ltr'>Prometheo</span> <span class='ocrx_word' id='word_1_54' title='bbox 854 1311 860 1367; x_wconf 81' lang='lat' dir='ltr'>i</span> 
     </span>
     <span class='ocr_line' id='line_1_10' title="bbox 215 1405 802 1485; baseline -0.003 -18"><span class='ocrx_word' id='word_1_55' title='bbox 215 1408 267 1467; x_wconf 87' lang='lat' dir='ltr'>Ille</span> <span class='ocrx_word' id='word_1_56' title='bbox 282 1427 387 1485; x_wconf 90' lang='lat' dir='ltr'>parum</span> <span class='ocrx_word' id='word_1_57' title='bbox 402 1407 480 1465; x_wconf 87' lang='lat' dir='ltr'>cauti</span> <span class='ocrx_word' id='word_1_58' title='bbox 494 1406 622 1483; x_wconf 87' lang='lat' dir='ltr'>pectoris</span> <span class='ocrx_word' id='word_1_59' title='bbox 636 1405 695 1481; x_wconf 85' lang='lat' dir='ltr'>egit</span> <span class='ocrx_word' id='word_1_60' title='bbox 709 1424 802 1480; x_wconf 91' lang='lat' dir='ltr'>opus:</span> 
     </span>
    </p>

    <p class='ocr_par' dir='ltr' id='par_1_7' title="bbox 181 1503 914 1676">
     <span class='ocr_line' id='line_1_11' title="bbox 181 1503 914 1581; baseline -0.001 -18"><span class='ocrx_word' id='word_1_61' title='bbox 181 1522 300 1581; x_wconf 90' lang='lat' dir='ltr'>corpora</span> <span class='ocrx_word' id='word_1_62' title='bbox 314 1504 477 1580; x_wconf 92' lang='lat' dir='ltr'>disponens</span> <span class='ocrx_word' id='word_1_63' title='bbox 491 1513 623 1562; x_wconf 87' lang='lat' dir='ltr'>mentem</span> <span class='ocrx_word' id='word_1_64' title='bbox 637 1522 698 1561; x_wconf 92' lang='lat' dir='ltr'>non</span> <span class='ocrx_word' id='word_1_65' title='bbox 713 1503 785 1560; x_wconf 89' lang='lat' dir='ltr'>vidit</span> <span class='ocrx_word' id='word_1_66' title='bbox 799 1504 830 1561; x_wconf 92' lang='lat' dir='ltr'>in</span> <span class='ocrx_word' id='word_1_67' title='bbox 843 1513 914 1562; x_wconf 90' lang='lat' dir='ltr'>arte.</span> 
     </span>
     <span class='ocr_line' id='line_1_12' title="bbox 217 1599 819 1676; baseline -0.002 -15"><span class='ocrx_word' id='word_1_68' title='bbox 217 1603 312 1661; x_wconf 90' lang='lat' dir='ltr'>Recta</span> <span class='ocrx_word' id='word_1_69' title='bbox 325 1601 416 1659; x_wconf 92' lang='lat' dir='ltr'>animi</span> <span class='ocrx_word' id='word_1_70' title='bbox 430 1601 556 1676; x_wconf 91' lang='lat' dir='ltr'>primum</span> <span class='ocrx_word' id='word_1_71' title='bbox 571 1599 672 1659; x_wconf 89' lang='lat' dir='ltr'>debuit</span> <span class='ocrx_word' id='word_1_72' title='bbox 687 1619 751 1658; x_wconf 92' lang='lat' dir='ltr'>esse</span> <span class='ocrx_word' id='word_1_73' title='bbox 765 1601 819 1660; x_wconf 77' lang='lat' dir='ltr'>via</span> 
     </span>
    </p>

    <p class='ocr_par' dir='ltr' id='par_1_8' title="bbox 182 1698 981 1872">
     <span class='ocr_line' id='line_1_13' title="bbox 182 1698 981 1770; baseline 0.001 -13"><span class='ocrx_word' id='word_1_74' title='bbox 182 1699 266 1757; x_wconf 90' lang='lat' dir='ltr'>Nunc</span> <span class='ocrx_word' id='word_1_75' title='bbox 280 1698 368 1756; x_wconf 89' lang='lat' dir='ltr'>maris</span> <span class='ocrx_word' id='word_1_76' title='bbox 382 1699 412 1755; x_wconf 91' lang='lat' dir='ltr'>in</span> <span class='ocrx_word' id='word_1_77' title='bbox 426 1707 539 1756; x_wconf 91' lang='lat' dir='ltr'>tantum</span> <span class='ocrx_word' id='word_1_78' title='bbox 553 1707 642 1755; x_wconf 91' lang='lat' dir='ltr'>vento</span> <span class='ocrx_word' id='word_1_79' title='bbox 657 1699 806 1770; x_wconf 91' lang='lat' dir='ltr'>iactamur,</span> <span class='ocrx_word' id='word_1_80' title='bbox 822 1708 851 1756; x_wconf 93' lang='lat' dir='ltr'>et</span> <span class='ocrx_word' id='word_1_81' title='bbox 865 1698 981 1758; x_wconf 88' lang='lat' dir='ltr'>hostem</span> 
     </span>
     <span class='ocr_line' id='line_1_14' title="bbox 216 1795 949 1872; baseline 0.001 -18"><span class='ocrx_word' id='word_1_82' title='bbox 216 1796 391 1872; x_wconf 89' lang='lat' dir='ltr'>quaerimus,</span> <span class='ocrx_word' id='word_1_83' title='bbox 406 1804 493 1871; x_wconf 88' lang='lat' dir='ltr'>atque</span> <span class='ocrx_word' id='word_1_84' title='bbox 508 1795 595 1853; x_wconf 89' lang='lat' dir='ltr'>armis</span> <span class='ocrx_word' id='word_1_85' title='bbox 610 1796 755 1853; x_wconf 89' lang='lat' dir='ltr'>nectimus</span> <span class='ocrx_word' id='word_1_86' title='bbox 769 1814 851 1853; x_wconf 84' lang='lat' dir='ltr'>arma</span> <span class='ocrx_word' id='word_1_87' title='bbox 864 1815 949 1855; x_wconf 88' lang='lat' dir='ltr'>nova.</span> 
     </span>
    </p>

    <p class='ocr_par' dir='ltr' id='par_1_9' title="bbox 182 1891 952 2062">
     <span class='ocr_line' id='line_1_15' title="bbox 182 1891 952 1968; baseline 0.003 -18"><span class='ocrx_word' id='word_1_88' title='bbox 182 1891 268 1950; x_wconf 91' lang='lat' dir='ltr'>Haud</span> <span class='ocrx_word' id='word_1_89' title='bbox 282 1893 353 1950; x_wconf 87' lang='lat' dir='ltr'>ullas</span> <span class='ocrx_word' id='word_1_90' title='bbox 368 1892 496 1967; x_wconf 83' lang='lat' dir='ltr'>portabis</span> <span class='ocrx_word' id='word_1_91' title='bbox 510 1910 584 1968; x_wconf 92' lang='lat' dir='ltr'>opes</span> <span class='ocrx_word' id='word_1_92' title='bbox 598 1892 772 1950; x_wconf 88' lang='lat' dir='ltr'>Acherontis</span> <span class='ocrx_word' id='word_1_93' title='bbox 787 1892 825 1950; x_wconf 90' lang='lat' dir='ltr'>ad</span> <span class='ocrx_word' id='word_1_94' title='bbox 840 1893 952 1952; x_wconf 89' lang='lat' dir='ltr'>undas:</span> 
     </span>
     <span class='ocr_line' id='line_1_16' title="bbox 215 1988 849 2062; baseline 0 -14"><span class='ocrx_word' id='word_1_95' title='bbox 215 1988 312 2048; x_wconf 92' lang='lat' dir='ltr'>nudus</span> <span class='ocrx_word' id='word_1_96' title='bbox 327 1988 367 2046; x_wconf 91' lang='lat' dir='ltr'>ad</span> <span class='ocrx_word' id='word_1_97' title='bbox 382 1989 516 2062; x_wconf 89' lang='lat' dir='ltr'>infernas,</span> <span class='ocrx_word' id='word_1_98' title='bbox 532 1989 628 2061; x_wconf 88' lang='lat' dir='ltr'>stulte,</span> <span class='ocrx_word' id='word_1_99' title='bbox 643 1989 749 2047; x_wconf 90' lang='lat' dir='ltr'>vehere</span> <span class='ocrx_word' id='word_1_100' title='bbox 764 2000 849 2048; x_wconf 91' lang='lat' dir='ltr'>rates.</span> 
     </span>
    </p>

    <p class='ocr_par' dir='ltr' id='par_1_10' title="bbox 181 2087 919 2259">
     <span class='ocr_line' id='line_1_17' title="bbox 181 2087 899 2162; baseline 0.003 -19"><span class='ocrx_word' id='word_1_101' title='bbox 181 2087 275 2145; x_wconf 88' lang='lat' dir='ltr'>Victor</span> <span class='ocrx_word' id='word_1_102' title='bbox 288 2106 359 2145; x_wconf 92' lang='lat' dir='ltr'>cum</span> <span class='ocrx_word' id='word_1_103' title='bbox 373 2087 456 2144; x_wconf 90' lang='lat' dir='ltr'>victis</span> <span class='ocrx_word' id='word_1_104' title='bbox 469 2087 575 2162; x_wconf 89' lang='lat' dir='ltr'>pariter</span> <span class='ocrx_word' id='word_1_105' title='bbox 589 2087 759 2145; x_wconf 88' lang='lat' dir='ltr'>miscebitur</span> <span class='ocrx_word' id='word_1_106' title='bbox 772 2087 899 2145; x_wconf 89' lang='lat' dir='ltr'>umbris:</span> 
     </span>
     <span class='ocr_line' id='line_1_18' title="bbox 217 2183 919 2259; baseline 0.001 -17"><span class='ocrx_word' id='word_1_107' title='bbox 217 2184 337 2243; x_wconf 91' lang='lat' dir='ltr'>consule</span> <span class='ocrx_word' id='word_1_108' title='bbox 352 2203 421 2242; x_wconf 90' lang='lat' dir='ltr'>cum</span> <span class='ocrx_word' id='word_1_109' title='bbox 437 2183 541 2256; x_wconf 91' lang='lat' dir='ltr'>Mario,</span> <span class='ocrx_word' id='word_1_110' title='bbox 556 2194 643 2259; x_wconf 88' lang='lat' dir='ltr'>capte</span> <span class='ocrx_word' id='word_1_111' title='bbox 658 2184 807 2259; x_wconf 86' lang='lat' dir='ltr'>Iugurtha,</span> <span class='ocrx_word' id='word_1_112' title='bbox 823 2184 919 2244; x_wconf 90' lang='lat' dir='ltr'>sedes.</span> 
     </span>
    </p>

    <p class='ocr_par' dir='ltr' id='par_1_11' title="bbox 181 2280 892 2454">
     <span class='ocr_line' id='line_1_19' title="bbox 181 2280 882 2356; baseline 0.006 -19"><span class='ocrx_word' id='word_1_113' title='bbox 181 2280 273 2356; x_wconf 90' lang='lat' dir='ltr'>Lydus</span> <span class='ocrx_word' id='word_1_114' title='bbox 288 2280 429 2340; x_wconf 91' lang='lat' dir='ltr'>Dulichio</span> <span class='ocrx_word' id='word_1_115' title='bbox 442 2299 502 2338; x_wconf 92' lang='lat' dir='ltr'>non</span> <span class='ocrx_word' id='word_1_116' title='bbox 517 2280 605 2339; x_wconf 89' lang='lat' dir='ltr'>distat</span> <span class='ocrx_word' id='word_1_117' title='bbox 619 2283 746 2341; x_wconf 89' lang='lat' dir='ltr'>Croesus</span> <span class='ocrx_word' id='word_1_118' title='bbox 761 2282 800 2340; x_wconf 93' lang='lat' dir='ltr'>ab</span> <span class='ocrx_word' id='word_1_119' title='bbox 814 2283 882 2341; x_wconf 89' lang='lat' dir='ltr'>Iro:</span> 
     </span>
     <span class='ocr_line' id='line_1_20' title="bbox 216 2378 892 2454; baseline 0.003 -18"><span class='ocrx_word' id='word_1_120' title='bbox 216 2379 327 2454; x_wconf 90' lang='lat' dir='ltr'>optima</span> <span class='ocrx_word' id='word_1_121' title='bbox 341 2397 429 2450; x_wconf 88' lang='lat' dir='ltr'>mors,</span> <span class='ocrx_word' id='word_1_122' title='bbox 445 2380 554 2436; x_wconf 91' lang='lat' dir='ltr'>Parcae</span> <span class='ocrx_word' id='word_1_123' title='bbox 568 2397 645 2454; x_wconf 92' lang='lat' dir='ltr'>quae</span> <span class='ocrx_word' id='word_1_124' title='bbox 658 2379 739 2437; x_wconf 90' lang='lat' dir='ltr'>venit</span> <span class='ocrx_word' id='word_1_125' title='bbox 753 2389 819 2437; x_wconf 88' lang='lat' dir='ltr'>acta</span> <span class='ocrx_word' id='word_1_126' title='bbox 833 2378 892 2439; x_wconf 86' lang='lat' dir='ltr'>die.</span> 
     </span>
    </p>

    <p class='ocr_par' dir='ltr' id='par_1_12' title="bbox 182 2474 907 2648">
     <span class='ocr_line' id='line_1_21' title="bbox 182 2474 907 2551; baseline 0.001 -18"><span class='ocrx_word' id='word_1_127' title='bbox 182 2475 229 2533; x_wconf 91' lang='lat' dir='ltr'>Me</span> <span class='ocrx_word' id='word_1_128' title='bbox 242 2476 322 2534; x_wconf 92' lang='lat' dir='ltr'>iuvat</span> <span class='ocrx_word' id='word_1_129' title='bbox 336 2476 366 2533; x_wconf 91' lang='lat' dir='ltr'>in</span> <span class='ocrx_word' id='word_1_130' title='bbox 380 2474 474 2551; x_wconf 90' lang='lat' dir='ltr'>prima</span> <span class='ocrx_word' id='word_1_131' title='bbox 487 2476 612 2534; x_wconf 90' lang='lat' dir='ltr'>coluisse</span> <span class='ocrx_word' id='word_1_132' title='bbox 628 2477 776 2534; x_wconf 85' lang='lat' dir='ltr'>Helicona</span> <span class='ocrx_word' id='word_1_133' title='bbox 789 2477 907 2535; x_wconf 90' lang='lat' dir='ltr'>iuventa</span> 
     </span>
     <span class='ocr_line' id='line_1_22' title="bbox 216 2571 855 2648; baseline 0.003 -18"><span class='ocrx_word' id='word_1_134' title='bbox 216 2573 427 2647; x_wconf 85' lang='lat' dir='ltr'>Musarumque</span> <span class='ocrx_word' id='word_1_135' title='bbox 441 2571 537 2630; x_wconf 91' lang='lat' dir='ltr'>choris</span> <span class='ocrx_word' id='word_1_136' title='bbox 551 2573 718 2648; x_wconf 91' lang='lat' dir='ltr'>inplicuisse</span> <span class='ocrx_word' id='word_1_137' title='bbox 732 2591 855 2632; x_wconf 90' lang='lat' dir='ltr'>manus:</span> 
     </span>
    </p>

    <p class='ocr_par' dir='ltr' id='par_1_13' title="bbox 181 2669 847 2842">
     <span class='ocr_line' id='line_1_23' title="bbox 181 2669 847 2747; baseline 0.005 -21"><span class='ocrx_word' id='word_1_138' title='bbox 181 2687 223 2727; x_wconf 92' lang='lat' dir='ltr'>me</span> <span class='ocrx_word' id='word_1_139' title='bbox 237 2669 316 2728; x_wconf 91' lang='lat' dir='ltr'>iuvat</span> <span class='ocrx_word' id='word_1_140' title='bbox 329 2678 360 2727; x_wconf 92' lang='lat' dir='ltr'>et</span> <span class='ocrx_word' id='word_1_141' title='bbox 373 2669 466 2727; x_wconf 90' lang='lat' dir='ltr'>multo</span> <span class='ocrx_word' id='word_1_142' title='bbox 479 2679 611 2728; x_wconf 91' lang='lat' dir='ltr'>mentem</span> <span class='ocrx_word' id='word_1_143' title='bbox 624 2670 733 2728; x_wconf 88' lang='lat' dir='ltr'>vincire</span> <span class='ocrx_word' id='word_1_144' title='bbox 749 2671 847 2747; x_wconf 90' lang='lat' dir='ltr'>Lyaeo</span> 
     </span>
     <span class='ocr_line' id='line_1_24' title="bbox 214 2766 835 2842; baseline 0.002 -18"><span class='ocrx_word' id='word_1_145' title='bbox 214 2776 244 2825; x_wconf 90' lang='lat' dir='ltr'>et</span> <span class='ocrx_word' id='word_1_146' title='bbox 257 2774 348 2842; x_wconf 87' lang='lat' dir='ltr'>caput</span> <span class='ocrx_word' id='word_1_147' title='bbox 361 2766 393 2824; x_wconf 92' lang='lat' dir='ltr'>in</span> <span class='ocrx_word' id='word_1_148' title='bbox 405 2784 495 2825; x_wconf 89' lang='lat' dir='ltr'>verna</span> <span class='ocrx_word' id='word_1_149' title='bbox 509 2785 625 2842; x_wconf 88' lang='lat' dir='ltr'>semper</span> <span class='ocrx_word' id='word_1_150' title='bbox 639 2767 746 2826; x_wconf 87' lang='lat' dir='ltr'>habere</span> <span class='ocrx_word' id='word_1_151' title='bbox 760 2786 835 2826; x_wconf 89' lang='lat' dir='ltr'>rosa.</span> 
     </span>
    </p>

    <p class='ocr_par' dir='ltr' id='par_1_14' title="bbox 180 2863 981 3037">
     <span class='ocr_line' id='line_1_25' title="bbox 180 2863 981 2940; baseline 0.004 -19"><span class='ocrx_word' id='word_1_152' title='bbox 180 2864 271 2939; x_wconf 85' lang='lat' dir='ltr'>Atque</span> <span class='ocrx_word' id='word_1_153' title='bbox 285 2863 336 2922; x_wconf 93' lang='lat' dir='ltr'>ubi</span> <span class='ocrx_word' id='word_1_154' title='bbox 350 2864 409 2921; x_wconf 90' lang='lat' dir='ltr'>iam</span> <span class='ocrx_word' id='word_1_155' title='bbox 423 2865 571 2923; x_wconf 91' lang='lat' dir='ltr'>Venerem</span> <span class='ocrx_word' id='word_1_156' title='bbox 584 2865 678 2940; x_wconf 85' lang='lat' dir='ltr'>gravis</span> <span class='ocrx_word' id='word_1_157' title='bbox 693 2865 880 2940; x_wconf 88' lang='lat' dir='ltr'>interceperit</span> <span class='ocrx_word' id='word_1_158' title='bbox 893 2875 981 2939; x_wconf 87' lang='lat' dir='ltr'>aetas,</span> 
     </span>
     <span class='ocr_line' id='line_1_26' title="bbox 214 2961 842 3037; baseline 0.002 -18"><span class='ocrx_word' id='word_1_159' title='bbox 214 2961 350 3037; x_wconf 89' lang='lat' dir='ltr'>sparserit</span> <span class='ocrx_word' id='word_1_160' title='bbox 363 2970 394 3020; x_wconf 89' lang='lat' dir='ltr'>et</span> <span class='ocrx_word' id='word_1_161' title='bbox 408 2962 504 3037; x_wconf 88' lang='lat' dir='ltr'>nigras</span> <span class='ocrx_word' id='word_1_162' title='bbox 518 2963 584 3021; x_wconf 90' lang='lat' dir='ltr'>alba</span> <span class='ocrx_word' id='word_1_163' title='bbox 598 2973 718 3021; x_wconf 90' lang='lat' dir='ltr'>senecta</span> <span class='ocrx_word' id='word_1_164' title='bbox 731 2981 842 3035; x_wconf 86' lang='lat' dir='ltr'>comas,</span> 
     </span>
    </p>

    <p class='ocr_par' dir='ltr' id='par_1_15' title="bbox 178 3058 955 3232">
     <span class='ocr_line' id='line_1_27' title="bbox 178 3058 869 3135; baseline 0.003 -20"><span class='ocrx_word' id='word_1_165' title='bbox 178 3065 235 3116; x_wconf 88' lang='lat' dir='ltr'>tum</span> <span class='ocrx_word' id='word_1_166' title='bbox 249 3058 322 3116; x_wconf 91' lang='lat' dir='ltr'>mihi</span> <span class='ocrx_word' id='word_1_167' title='bbox 336 3059 465 3117; x_wconf 91' lang='lat' dir='ltr'>Naturae</span> <span class='ocrx_word' id='word_1_168' title='bbox 479 3060 568 3118; x_wconf 88' lang='lat' dir='ltr'>libeat</span> <span class='ocrx_word' id='word_1_169' title='bbox 581 3059 748 3135; x_wconf 88' lang='lat' dir='ltr'>perdiscere</span> <span class='ocrx_word' id='word_1_170' title='bbox 762 3077 869 3132; x_wconf 91' lang='lat' dir='ltr'>mores,</span> 
     </span>
     <span class='ocr_line' id='line_1_28' title="bbox 213 3155 955 3232; baseline 0.001 -18"><span class='ocrx_word' id='word_1_171' title='bbox 213 3157 278 3232; x_wconf 90' lang='lat' dir='ltr'>quis</span> <span class='ocrx_word' id='word_1_172' title='bbox 293 3155 367 3215; x_wconf 92' lang='lat' dir='ltr'>deus</span> <span class='ocrx_word' id='word_1_173' title='bbox 382 3156 458 3215; x_wconf 91' lang='lat' dir='ltr'>hauc</span> <span class='ocrx_word' id='word_1_174' title='bbox 473 3156 576 3214; x_wconf 91' lang='lat' dir='ltr'>mundi</span> <span class='ocrx_word' id='word_1_175' title='bbox 589 3166 733 3232; x_wconf 88' lang='lat' dir='ltr'>temperet</span> <span class='ocrx_word' id='word_1_176' title='bbox 747 3167 807 3214; x_wconf 88' lang='lat' dir='ltr'>arte</span> <span class='ocrx_word' id='word_1_177' title='bbox 822 3156 955 3230; x_wconf 87' lang='lat' dir='ltr'>domum,</span> 
     </span>
    </p>

    <p class='ocr_par' dir='ltr' id='par_1_16' title="bbox 178 3253 898 3426">
     <span class='ocr_line' id='line_1_29' title="bbox 178 3253 898 3329; baseline 0.003 -18"><span class='ocrx_word' id='word_1_178' title='bbox 178 3270 232 3328; x_wconf 92' lang='lat' dir='ltr'>qua</span> <span class='ocrx_word' id='word_1_179' title='bbox 244 3253 325 3312; x_wconf 88' lang='lat' dir='ltr'>venit</span> <span class='ocrx_word' id='word_1_180' title='bbox 339 3254 481 3327; x_wconf 90' lang='lat' dir='ltr'>exoriens,</span> <span class='ocrx_word' id='word_1_181' title='bbox 497 3272 555 3329; x_wconf 94' lang='lat' dir='ltr'>qua</span> <span class='ocrx_word' id='word_1_182' title='bbox 569 3254 678 3324; x_wconf 89' lang='lat' dir='ltr'>deficit,</span> <span class='ocrx_word' id='word_1_183' title='bbox 693 3254 773 3312; x_wconf 89' lang='lat' dir='ltr'>unde</span> <span class='ocrx_word' id='word_1_184' title='bbox 788 3255 898 3313; x_wconf 87' lang='lat' dir='ltr'>coactis</span> 
     </span>
     <span class='ocr_line' id='line_1_30' title="bbox 214 3350 875 3426; baseline 0 -18"><span class='ocrx_word' id='word_1_185' title='bbox 214 3350 352 3410; x_wconf 90' lang='lat' dir='ltr'>cornibus</span> <span class='ocrx_word' id='word_1_186' title='bbox 366 3351 397 3408; x_wconf 93' lang='lat' dir='ltr'>in</span> <span class='ocrx_word' id='word_1_187' title='bbox 411 3350 531 3426; x_wconf 92' lang='lat' dir='ltr'>plenum</span> <span class='ocrx_word' id='word_1_188' title='bbox 546 3362 695 3408; x_wconf 85' lang='lat' dir='ltr'>menstrua</span> <span class='ocrx_word' id='word_1_189' title='bbox 709 3351 777 3407; x_wconf 91' lang='lat' dir='ltr'>luna</span> <span class='ocrx_word' id='word_1_190' title='bbox 790 3350 875 3422; x_wconf 86' lang='lat' dir='ltr'>redit,</span> 
     </span>
    </p>

    <p class='ocr_par' dir='ltr' id='par_1_17' title="bbox 177 3446 917 3620">
     <span class='ocr_line' id='line_1_31' title="bbox 177 3446 917 3523; baseline 0.001 -17"><span class='ocrx_word' id='word_1_191' title='bbox 177 3447 252 3506; x_wconf 90' lang='lat' dir='ltr'>unde</span> <span class='ocrx_word' id='word_1_192' title='bbox 267 3448 329 3506; x_wconf 92' lang='lat' dir='ltr'>salo</span> <span class='ocrx_word' id='word_1_193' title='bbox 344 3457 482 3522; x_wconf 88' lang='lat' dir='ltr'>superant</span> <span class='ocrx_word' id='word_1_194' title='bbox 495 3448 584 3519; x_wconf 91' lang='lat' dir='ltr'>venti,</span> <span class='ocrx_word' id='word_1_195' title='bbox 599 3446 671 3523; x_wconf 92' lang='lat' dir='ltr'>quid</span> <span class='ocrx_word' id='word_1_196' title='bbox 686 3447 801 3505; x_wconf 89' lang='lat' dir='ltr'>flamine</span> <span class='ocrx_word' id='word_1_197' title='bbox 817 3456 917 3523; x_wconf 91' lang='lat' dir='ltr'>captet</span> 
     </span>
     <span class='ocr_line' id='line_1_32' title="bbox 214 3543 858 3620; baseline -0.002 -17"><span class='ocrx_word' id='word_1_198' title='bbox 214 3547 318 3617; x_wconf 89' lang='lat' dir='ltr'>Eurus,</span> <span class='ocrx_word' id='word_1_199' title='bbox 333 3545 408 3603; x_wconf 92' lang='lat' dir='ltr'>etin</span> <span class='ocrx_word' id='word_1_200' title='bbox 421 3545 514 3603; x_wconf 90' lang='lat' dir='ltr'>nubes</span> <span class='ocrx_word' id='word_1_201' title='bbox 528 3543 608 3603; x_wconf 91' lang='lat' dir='ltr'>unde</span> <span class='ocrx_word' id='word_1_202' title='bbox 622 3545 759 3619; x_wconf 90' lang='lat' dir='ltr'>perennis</span> <span class='ocrx_word' id='word_1_203' title='bbox 773 3563 858 3620; x_wconf 88' lang='lat' dir='ltr'>aqua,</span> 
     </span>
    </p>

    <p class='ocr_par' dir='ltr' id='par_1_18' title="bbox 176 3640 877 3815">
     <span class='ocr_line' id='line_1_33' title="bbox 176 3640 877 3717; baseline 0.001 -17"><span class='ocrx_word' id='word_1_204' title='bbox 176 3641 209 3699; x_wconf 89' lang='lat' dir='ltr'>sit</span> <span class='ocrx_word' id='word_1_205' title='bbox 221 3652 344 3700; x_wconf 88' lang='lat' dir='ltr'>ventura</span> <span class='ocrx_word' id='word_1_206' title='bbox 358 3640 431 3713; x_wconf 90' lang='lat' dir='ltr'>dies,</span> <span class='ocrx_word' id='word_1_207' title='bbox 446 3641 549 3699; x_wconf 92' lang='lat' dir='ltr'>mundi</span> <span class='ocrx_word' id='word_1_208' title='bbox 563 3660 639 3717; x_wconf 92' lang='lat' dir='ltr'>quae</span> <span class='ocrx_word' id='word_1_209' title='bbox 654 3641 772 3701; x_wconf 89' lang='lat' dir='ltr'>subruat</span> <span class='ocrx_word' id='word_1_210' title='bbox 786 3661 877 3715; x_wconf 90' lang='lat' dir='ltr'>arces,</span> 
     </span>
     <span class='ocr_line' id='line_1_34' title="bbox 212 3738 867 3815; baseline 0 -17"><span class='ocrx_word' id='word_1_211' title='bbox 212 3757 375 3815; x_wconf 91' lang='lat' dir='ltr'>purpureus</span> <span class='ocrx_word' id='word_1_212' title='bbox 388 3738 500 3814; x_wconf 90' lang='lat' dir='ltr'>pluvias</span> <span class='ocrx_word' id='word_1_213' title='bbox 515 3757 567 3798; x_wconf 90' lang='lat' dir='ltr'>cur</span> <span class='ocrx_word' id='word_1_214' title='bbox 580 3739 652 3798; x_wconf 90' lang='lat' dir='ltr'>bibit</span> <span class='ocrx_word' id='word_1_215' title='bbox 667 3757 750 3796; x_wconf 92' lang='lat' dir='ltr'>arcus</span> <span class='ocrx_word' id='word_1_216' title='bbox 764 3758 867 3815; x_wconf 91' lang='lat' dir='ltr'>aquas,</span> 
     </span>
    </p>

    <p class='ocr_par' dir='ltr' id='par_1_19' title="bbox 177 3835 1121 3916">
     <span class='ocr_line' id='line_1_35' title="bbox 177 3835 1121 3916; baseline 0.007 -22"><span class='ocrx_word' id='word_1_217' title='bbox 177 3844 224 3894; x_wconf 88' lang='lat' dir='ltr'>aut</span> <span class='ocrx_word' id='word_1_218' title='bbox 237 3853 289 3895; x_wconf 89' lang='lat' dir='ltr'>cur</span> <span class='ocrx_word' id='word_1_219' title='bbox 301 3835 456 3894; x_wconf 88' lang='lat' dir='ltr'>Perrhaebi</span> <span class='ocrx_word' id='word_1_220' title='bbox 471 3845 615 3897; x_wconf 88' lang='lat' dir='ltr'>tremuere</span> <span class='ocrx_word' id='word_1_221' title='bbox 629 3836 789 3899; x_wconf 87' lang='lat' dir='ltr'>cacumina</span> <span class='ocrx_word' id='word_1_222' title='bbox 803 3836 904 3916; x_wconf 87' lang='lat' dir='ltr'>Pindi,</span> <span class='ocrx_word' id='word_1_223' title='bbox 1105 3884 1121 3911; x_wconf 38' lang='lat' dir='ltr'>r</span> 
     </span>
    </p>
   </div>
   <div class='ocr_carea' id='block_1_4' title="bbox 0 0 1284 4230">
    <p class='ocr_par' dir='ltr' id='par_1_20' title="bbox 0 0 1284 4230">
     <span class='ocr_line' id='line_1_36' title="bbox 0 0 1284 4230; baseline 0 1"><span class='ocrx_word' id='word_1_224' title='bbox 0 0 1284 4230; x_wconf 95' lang='lat' dir='ltr'> </span> 
     </span>
    </p>
   </div>
  </div>
 </body>
</html>
