<?xml version="1.0" encoding="UTF-8"?>
<!DOCTYPE html PUBLIC "-//W3C//DTD XHTML 1.0 Transitional//EN"
    "http://www.w3.org/TR/xhtml1/DTD/xhtml1-transitional.dtd">
<html xmlns="http://www.w3.org/1999/xhtml" xml:lang="en" lang="en">
 <head>
  <title>
</title>
<meta http-equiv="Content-Type" content="text/html;charset=utf-8" />
  <meta name='ocr-system' content='tesseract 3.04.00' />
  <meta name='ocr-capabilities' content='ocr_page ocr_carea ocr_par ocr_line ocrx_word'/>
</head>
<body>
  <div class='ocr_page' id='page_1' title='image "./selectionsfroml02crowgoog/selectionsfroml02crowgoog_0044.png"; bbox 0 0 2558 4230; ppageno 0'>
   <div class='ocr_carea' id='block_1_1' title="bbox 424 326 1083 408">
    <p class='ocr_par' dir='ltr' id='par_1_1' title="bbox 424 326 1083 408">
     <span class='ocr_line' id='line_1_1' title="bbox 424 326 1083 408; baseline -0.003 -16"><span class='ocrx_word' id='word_1_1' title='bbox 424 326 528 392; x_wconf 78' lang='lat' dir='ltr'>Liber</span> <span class='ocrx_word' id='word_1_2' title='bbox 552 327 692 394; x_wconf 84' lang='lat' dir='ltr'>Tertius.</span> <span class='ocrx_word' id='word_1_3' title='bbox 1045 343 1083 408; x_wconf 78' lang='lat'>31</span> 
     </span>
    </p>
   </div>
   <div class='ocr_carea' id='block_1_2' title="bbox 110 507 1084 3893">
    <p class='ocr_par' dir='ltr' id='par_1_2' title="bbox 117 507 1084 685">
     <span class='ocr_line' id='line_1_2' title="bbox 118 507 1084 588; baseline -0.003 -18"><span class='ocrx_word' id='word_1_4' title='bbox 118 511 188 570; x_wconf 89' lang='lat' dir='ltr'>Nam</span> <span class='ocrx_word' id='word_1_5' title='bbox 201 511 290 588; x_wconf 87' lang='lat' dir='ltr'>gratis</span> <span class='ocrx_word' id='word_1_6' title='bbox 304 521 440 571; x_wconf 90' lang='lat' dir='ltr'>anteacta</span> <span class='ocrx_word' id='word_1_7' title='bbox 452 513 505 571; x_wconf 85' lang='lat' dir='ltr'>fuit</span> <span class='ocrx_word' id='word_1_8' title='bbox 519 512 644 571; x_wconf 90' lang='lat' dir='ltr'>tihivita</span> <span class='ocrx_word' id='word_1_9' title='bbox 656 512 794 588; x_wconf 85' lang='lat' dir='ltr'>priorque</span> <span class='ocrx_word' id='word_1_10' title='bbox 1018 507 1084 567; x_wconf 82' lang='grc'><strong>(935)</strong></span> 
     </span>
     <span class='ocr_line' id='line_1_3' title="bbox 117 610 851 685; baseline 0 -18"><span class='ocrx_word' id='word_1_11' title='bbox 117 619 141 667; x_wconf 93' lang='lat' dir='ltr'>et</span> <span class='ocrx_word' id='word_1_12' title='bbox 153 629 212 668; x_wconf 92' lang='lat' dir='ltr'>non</span> <span class='ocrx_word' id='word_1_13' title='bbox 227 611 329 668; x_wconf 92' lang='lat' dir='ltr'>omnia</span> <span class='ocrx_word' id='word_1_14' title='bbox 341 619 492 685; x_wconf 90' lang='lat' dir='ltr'>pertusum</span> <span class='ocrx_word' id='word_1_15' title='bbox 508 621 648 685; x_wconf 88' lang='lat' dir='ltr'>congesta</span> <span class='ocrx_word' id='word_1_16' title='bbox 661 610 743 684; x_wconf 89' lang='lat' dir='ltr'>quasi</span> <span class='ocrx_word' id='word_1_17' title='bbox 757 610 787 666; x_wconf 93' lang='lat' dir='ltr'>in</span> <span class='ocrx_word' id='word_1_18' title='bbox 801 627 851 667; x_wconf 89' lang='lat' dir='ltr'>vas</span> 
     </span>
    </p>

    <p class='ocr_par' dir='ltr' id='par_1_3' title="bbox 116 706 841 782">
     <span class='ocr_line' id='line_1_4' title="bbox 116 706 841 782; baseline 0.001 -19"><span class='ocrx_word' id='word_1_19' title='bbox 116 706 271 765; x_wconf 88' lang='lat' dir='ltr'>commoda</span> <span class='ocrx_word' id='word_1_20' title='bbox 284 706 446 782; x_wconf 88' lang='lat' dir='ltr'>perfluxere</span> <span class='ocrx_word' id='word_1_21' title='bbox 462 717 549 782; x_wconf 90' lang='lat' dir='ltr'>atque</span> <span class='ocrx_word' id='word_1_22' title='bbox 564 708 676 782; x_wconf 85' lang='lat' dir='ltr'>ingrata</span> <span class='ocrx_word' id='word_1_23' title='bbox 689 706 841 764; x_wconf 87' lang='lat' dir='ltr'>interiere:</span> 
     </span>
    </p>

    <p class='ocr_par' dir='ltr' id='par_1_4' title="bbox 115 803 1006 976">
     <span class='ocr_line' id='line_1_5' title="bbox 115 803 1006 878; baseline -0.002 -17"><span class='ocrx_word' id='word_1_24' title='bbox 115 821 162 860; x_wconf 91' lang='lat' dir='ltr'>cur</span> <span class='ocrx_word' id='word_1_25' title='bbox 174 821 236 861; x_wconf 93' lang='lat' dir='ltr'>non</span> <span class='ocrx_word' id='word_1_26' title='bbox 250 812 283 861; x_wconf 92' lang='lat' dir='ltr'>ut</span> <span class='ocrx_word' id='word_1_27' title='bbox 297 804 401 878; x_wconf 90' lang='lat' dir='ltr'>plenus</span> <span class='ocrx_word' id='word_1_28' title='bbox 415 805 490 861; x_wconf 91' lang='lat' dir='ltr'>vitae</span> <span class='ocrx_word' id='word_1_29' title='bbox 505 804 627 865; x_wconf 87' lang='lat' dir='ltr'>conviva</span> <span class='ocrx_word' id='word_1_30' title='bbox 641 803 755 861; x_wconf 92' lang='lat' dir='ltr'>recedis</span> <span class='ocrx_word' id='word_1_31' title='bbox 965 810 1006 859; x_wconf 94' lang='grc'><strong>115</strong></span> 
     </span>
     <span class='ocr_line' id='line_1_6' title="bbox 115 899 908 976; baseline 0 -20"><span class='ocrx_word' id='word_1_32' title='bbox 115 917 205 975; x_wconf 88' lang='lat' dir='ltr'>aequo</span> <span class='ocrx_word' id='word_1_33' title='bbox 219 901 379 976; x_wconf 90' lang='lat' dir='ltr'>animoque</span> <span class='ocrx_word' id='word_1_34' title='bbox 395 901 475 975; x_wconf 89' lang='lat' dir='ltr'>capis</span> <span class='ocrx_word' id='word_1_35' title='bbox 490 918 632 970; x_wconf 88' lang='lat' dir='ltr'>securam,</span> <span class='ocrx_word' id='word_1_36' title='bbox 647 900 742 967; x_wconf 88' lang='lat' dir='ltr'>stulte,</span> <span class='ocrx_word' id='word_1_37' title='bbox 758 899 908 972; x_wconf 90' lang='lat' dir='ltr'>quietem?</span> 
     </span>
    </p>

    <p class='ocr_par' dir='ltr' id='par_1_5' title="bbox 114 992 1082 1169">
     <span class='ocr_line' id='line_1_7' title="bbox 114 992 1082 1073; baseline -0.005 -17"><span class='ocrx_word' id='word_1_38' title='bbox 114 998 159 1056; x_wconf 89' lang='lat' dir='ltr'>Sin</span> <span class='ocrx_word' id='word_1_39' title='bbox 173 1016 218 1069; x_wconf 93' lang='lat' dir='ltr'>ea,</span> <span class='ocrx_word' id='word_1_40' title='bbox 234 1016 310 1073; x_wconf 90' lang='lat' dir='ltr'>quae</span> <span class='ocrx_word' id='word_1_41' title='bbox 326 998 436 1055; x_wconf 86' lang='lat' dir='ltr'>fructus</span> <span class='ocrx_word' id='word_1_42' title='bbox 452 1013 580 1071; x_wconf 89' lang='lat' dir='ltr'>cumque</span> <span class='ocrx_word' id='word_1_43' title='bbox 595 1014 636 1066; x_wconf 86' lang='lat' dir='ltr'>es,</span> <span class='ocrx_word' id='word_1_44' title='bbox 651 996 761 1070; x_wconf 89' lang='lat' dir='ltr'>periere</span> <span class='ocrx_word' id='word_1_45' title='bbox 776 995 894 1070; x_wconf 79' lang='lat' dir='ltr'>profusa</span> <span class='ocrx_word' id='word_1_46' title='bbox 1017 992 1082 1052; x_wconf 93' lang='grc'><strong>(949)</strong></span> 
     </span>
     <span class='ocr_line' id='line_1_8' title="bbox 115 1091 905 1169; baseline -0.001 -17"><span class='ocrx_word' id='word_1_47' title='bbox 115 1095 228 1169; x_wconf 90' lang='lat' dir='ltr'>vitaque</span> <span class='ocrx_word' id='word_1_48' title='bbox 244 1096 273 1152; x_wconf 91' lang='lat' dir='ltr'>in</span> <span class='ocrx_word' id='word_1_49' title='bbox 288 1094 436 1165; x_wconf 85' lang='lat' dir='ltr'>offensust,</span> <span class='ocrx_word' id='word_1_50' title='bbox 453 1112 505 1151; x_wconf 94' lang='lat' dir='ltr'>cur</span> <span class='ocrx_word' id='word_1_51' title='bbox 518 1093 643 1168; x_wconf 91' lang='lat' dir='ltr'>amplius</span> <span class='ocrx_word' id='word_1_52' title='bbox 658 1091 768 1150; x_wconf 84' lang='lat' dir='ltr'>addere</span> <span class='ocrx_word' id='word_1_53' title='bbox 783 1093 905 1167; x_wconf 87' lang='lat' dir='ltr'>quaeris,</span> 
     </span>
    </p>

    <p class='ocr_par' dir='ltr' id='par_1_6' title="bbox 113 1184 973 1267">
     <span class='ocr_line' id='line_1_9' title="bbox 113 1184 973 1267; baseline 0 -18"><span class='ocrx_word' id='word_1_54' title='bbox 113 1184 222 1249; x_wconf 74' lang='lat' dir='ltr'>rursum</span> <span class='ocrx_word' id='word_1_55' title='bbox 236 1191 319 1266; x_wconf 90' lang='lat' dir='ltr'>quod</span> <span class='ocrx_word' id='word_1_56' title='bbox 333 1201 434 1267; x_wconf 88' lang='lat' dir='ltr'>pereat</span> <span class='ocrx_word' id='word_1_57' title='bbox 449 1192 524 1249; x_wconf 91' lang='lat' dir='ltr'>male</span> <span class='ocrx_word' id='word_1_58' title='bbox 540 1201 569 1248; x_wconf 92' lang='lat' dir='ltr'>et</span> <span class='ocrx_word' id='word_1_59' title='bbox 583 1191 728 1265; x_wconf 85' lang='lat' dir='ltr'>ingratum</span> <span class='ocrx_word' id='word_1_60' title='bbox 743 1189 861 1248; x_wconf 87' lang='lat' dir='ltr'>occidat</span> <span class='ocrx_word' id='word_1_61' title='bbox 876 1208 973 1262; x_wconf 89' lang='lat' dir='ltr'>omne,</span> 
     </span>
    </p>

    <p class='ocr_par' dir='ltr' id='par_1_7' title="bbox 112 1287 1006 1461">
     <span class='ocr_line' id='line_1_10' title="bbox 112 1287 1006 1364; baseline 0 -19"><span class='ocrx_word' id='word_1_62' title='bbox 112 1305 170 1346; x_wconf 92' lang='lat' dir='ltr'>non</span> <span class='ocrx_word' id='word_1_63' title='bbox 183 1289 282 1364; x_wconf 90' lang='lat' dir='ltr'>potius</span> <span class='ocrx_word' id='word_1_64' title='bbox 296 1289 373 1346; x_wconf 90' lang='lat' dir='ltr'>vitae</span> <span class='ocrx_word' id='word_1_65' title='bbox 387 1289 476 1346; x_wconf 87' lang='lat' dir='ltr'>finem</span> <span class='ocrx_word' id='word_1_66' title='bbox 491 1288 562 1345; x_wconf 86' lang='lat' dir='ltr'>sacis</span> <span class='ocrx_word' id='word_1_67' title='bbox 576 1297 664 1361; x_wconf 90' lang='lat' dir='ltr'>atque</span> <span class='ocrx_word' id='word_1_68' title='bbox 678 1287 805 1346; x_wconf 84' lang='lat' dir='ltr'>laboris?</span> <span class='ocrx_word' id='word_1_69' title='bbox 964 1298 1006 1332; x_wconf 78' lang='lat'>1²⁰</span> 
     </span>
     <span class='ocr_line' id='line_1_11' title="bbox 113 1384 911 1461; baseline 0.003 -20"><span class='ocrx_word' id='word_1_70' title='bbox 113 1384 189 1442; x_wconf 88' lang='lat' dir='ltr'>Nam</span> <span class='ocrx_word' id='word_1_71' title='bbox 204 1385 256 1443; x_wconf 91' lang='lat' dir='ltr'>tibi</span> <span class='ocrx_word' id='word_1_72' title='bbox 270 1394 421 1461; x_wconf 89' lang='lat' dir='ltr'>praeterea</span> <span class='ocrx_word' id='word_1_73' title='bbox 435 1384 516 1460; x_wconf 90' lang='lat' dir='ltr'>quod</span> <span class='ocrx_word' id='word_1_74' title='bbox 532 1385 683 1443; x_wconf 86' lang='lat' dir='ltr'>machiner</span> <span class='ocrx_word' id='word_1_75' title='bbox 697 1387 911 1460; x_wconf 88' lang='lat' dir='ltr'>inveniamque,</span> 
     </span>
    </p>

    <p class='ocr_par' dir='ltr' id='par_1_8' title="bbox 112 1480 1082 1655">
     <span class='ocr_line' id='line_1_12' title="bbox 112 1480 1082 1558; baseline 0 -19"><span class='ocrx_word' id='word_1_76' title='bbox 112 1481 191 1557; x_wconf 91' lang='lat' dir='ltr'>quod</span> <span class='ocrx_word' id='word_1_77' title='bbox 205 1482 329 1558; x_wconf 91' lang='lat' dir='ltr'>placeat,</span> <span class='ocrx_word' id='word_1_78' title='bbox 344 1483 384 1539; x_wconf 92' lang='lat' dir='ltr'>nil</span> <span class='ocrx_word' id='word_1_79' title='bbox 399 1491 461 1540; x_wconf 90' lang='lat' dir='ltr'>est:</span> <span class='ocrx_word' id='word_1_80' title='bbox 484 1481 591 1540; x_wconf 89' lang='lat' dir='ltr'>eadem</span> <span class='ocrx_word' id='word_1_81' title='bbox 605 1493 672 1540; x_wconf 92' lang='lat' dir='ltr'>sunt</span> <span class='ocrx_word' id='word_1_82' title='bbox 686 1484 785 1541; x_wconf 90' lang='lat' dir='ltr'>omnia</span> <span class='ocrx_word' id='word_1_83' title='bbox 799 1501 924 1558; x_wconf 87' lang='lat' dir='ltr'>semper.</span> <span class='ocrx_word' id='word_1_84' title='bbox 1017 1480 1082 1540; x_wconf 87' lang='grc'><strong>(945)</strong></span> 
     </span>
     <span class='ocr_line' id='line_1_13' title="bbox 112 1579 834 1655; baseline 0.001 -18"><span class='ocrx_word' id='word_1_85' title='bbox 112 1579 140 1638; x_wconf 88' lang='lat' dir='ltr'>si</span> <span class='ocrx_word' id='word_1_86' title='bbox 154 1579 206 1637; x_wconf 91' lang='lat' dir='ltr'>tibi</span> <span class='ocrx_word' id='word_1_87' title='bbox 221 1597 282 1637; x_wconf 92' lang='lat' dir='ltr'>non</span> <span class='ocrx_word' id='word_1_88' title='bbox 297 1580 380 1637; x_wconf 90' lang='lat' dir='ltr'>annis</span> <span class='ocrx_word' id='word_1_89' title='bbox 395 1598 502 1655; x_wconf 90' lang='lat' dir='ltr'>corpus</span> <span class='ocrx_word' id='word_1_90' title='bbox 517 1581 574 1637; x_wconf 91' lang='lat' dir='ltr'>iam</span> <span class='ocrx_word' id='word_1_91' title='bbox 590 1591 700 1638; x_wconf 90' lang='lat' dir='ltr'>marcet</span> <span class='ocrx_word' id='word_1_92' title='bbox 714 1591 744 1639; x_wconf 90' lang='lat' dir='ltr'>et</span> <span class='ocrx_word' id='word_1_93' title='bbox 757 1591 834 1638; x_wconf 89' lang='lat' dir='ltr'>artus</span> 
     </span>
    </p>

    <p class='ocr_par' dir='ltr' id='par_1_9' title="bbox 111 1658 880 1752">
     <span class='ocr_line' id='line_1_14' title="bbox 111 1658 880 1752; baseline 0.004 -19"><span class='ocrx_word' id='word_1_94' title='bbox 111 1676 238 1735; x_wconf 90' lang='lat' dir='ltr'>consecti</span> <span class='ocrx_word' id='word_1_95' title='bbox 252 1677 400 1752; x_wconf 85' lang='lat' dir='ltr'>languent,</span> <span class='ocrx_word' id='word_1_96' title='bbox 416 1658 526 1736; x_wconf 67' lang='lat' dir='ltr'>eadem&#39;</span> <span class='ocrx_word' id='word_1_97' title='bbox 537 1688 636 1736; x_wconf 89' lang='lat' dir='ltr'>tamen</span> <span class='ocrx_word' id='word_1_98' title='bbox 650 1679 749 1736; x_wconf 90' lang='lat' dir='ltr'>omnia</span> <span class='ocrx_word' id='word_1_99' title='bbox 762 1687 880 1751; x_wconf 83' lang='lat' dir='ltr'>restant,</span> 
     </span>
    </p>

    <p class='ocr_par' dir='ltr' id='par_1_10' title="bbox 111 1774 1005 1946">
     <span class='ocr_line' id='line_1_15' title="bbox 111 1774 1005 1848; baseline 0.002 -17"><span class='ocrx_word' id='word_1_100' title='bbox 111 1774 209 1831; x_wconf 91' lang='lat' dir='ltr'>omnia</span> <span class='ocrx_word' id='word_1_101' title='bbox 223 1774 247 1831; x_wconf 94' lang='lat' dir='ltr'>si</span> <span class='ocrx_word' id='word_1_102' title='bbox 259 1791 362 1848; x_wconf 85' lang='lat' dir='ltr'>pergas</span> <span class='ocrx_word' id='word_1_103' title='bbox 377 1774 503 1832; x_wconf 90' lang='lat' dir='ltr'>vivendo</span> <span class='ocrx_word' id='word_1_104' title='bbox 517 1775 634 1833; x_wconf 90' lang='lat' dir='ltr'>vincere</span> <span class='ocrx_word' id='word_1_105' title='bbox 649 1776 753 1845; x_wconf 91' lang='lat' dir='ltr'>saecla,</span> <span class='ocrx_word' id='word_1_106' title='bbox 963 1783 1005 1833; x_wconf 77' lang='lat'>¹2⁵</span> 
     </span>
     <span class='ocr_line' id='line_1_16' title="bbox 112 1871 876 1946; baseline 0.001 -19"><span class='ocrx_word' id='word_1_107' title='bbox 112 1880 197 1945; x_wconf 91' lang='lat' dir='ltr'>atque</span> <span class='ocrx_word' id='word_1_108' title='bbox 212 1871 301 1928; x_wconf 90' lang='lat' dir='ltr'>etiam</span> <span class='ocrx_word' id='word_1_109' title='bbox 316 1871 421 1945; x_wconf 70' lang='lat' dir='ltr'>potius</span> <span class='ocrx_word' id='word_1_110' title='bbox 436 1871 461 1929; x_wconf 91' lang='lat' dir='ltr'>si</span> <span class='ocrx_word' id='word_1_111' title='bbox 474 1889 635 1946; x_wconf 81' lang='lat' dir='ltr'>numquam</span> <span class='ocrx_word' id='word_1_112' title='bbox 650 1872 687 1930; x_wconf 94' lang='lat' dir='ltr'>sis</span> <span class='ocrx_word' id='word_1_113' title='bbox 703 1873 876 1943; x_wconf 89' lang='lat' dir='ltr'>moriturus,’</span> 
     </span>
    </p>

    <p class='ocr_par' dir='ltr' id='par_1_11' title="bbox 110 1966 1081 2140">
     <span class='ocr_line' id='line_1_17' title="bbox 111 1966 1081 2042; baseline 0.003 -18"><span class='ocrx_word' id='word_1_114' title='bbox 111 1966 181 2042; x_wconf 90' lang='lat' dir='ltr'>quid</span> <span class='ocrx_word' id='word_1_115' title='bbox 195 1967 418 2042; x_wconf 68' lang='lat' dir='ltr'>respondemus</span> <span class='ocrx_word' id='word_1_116' title='bbox 433 1968 488 2025; x_wconf 91' lang='lat' dir='ltr'>nisi</span> <span class='ocrx_word' id='word_1_117' title='bbox 503 1969 608 2026; x_wconf 91' lang='lat' dir='ltr'>iustam</span> <span class='ocrx_word' id='word_1_118' title='bbox 622 1968 774 2026; x_wconf 88' lang='lat' dir='ltr'>intendere</span> <span class='ocrx_word' id='word_1_119' title='bbox 790 1970 869 2026; x_wconf 92' lang='lat' dir='ltr'>litem</span> <span class='ocrx_word' id='word_1_120' title='bbox 1017 1966 1081 2028; x_wconf 90' lang='grc'><strong>(959)</strong></span> 
     </span>
     <span class='ocr_line' id='line_1_18' title="bbox 110 2066 823 2140; baseline 0 -18"><span class='ocrx_word' id='word_1_121' title='bbox 110 2074 241 2122; x_wconf 90' lang='lat' dir='ltr'>naturam</span> <span class='ocrx_word' id='word_1_122' title='bbox 255 2075 286 2122; x_wconf 91' lang='lat' dir='ltr'>et</span> <span class='ocrx_word' id='word_1_123' title='bbox 299 2084 397 2122; x_wconf 89' lang='lat' dir='ltr'>veram</span> <span class='ocrx_word' id='word_1_124' title='bbox 411 2066 505 2123; x_wconf 91' lang='lat' dir='ltr'>verbis</span> <span class='ocrx_word' id='word_1_125' title='bbox 520 2084 668 2140; x_wconf 86' lang='lat' dir='ltr'>exponere</span> <span class='ocrx_word' id='word_1_126' title='bbox 684 2067 823 2123; x_wconf 85' lang='lat' dir='ltr'>causam?</span> 
     </span>
    </p>

    <p class='ocr_par' dir='ltr' id='par_1_12' title="bbox 114 2162 833 2237">
     <span class='ocr_line' id='line_1_19' title="bbox 114 2162 833 2237; baseline -0.003 -16"><span class='ocrx_word' id='word_1_127' title='bbox 114 2162 259 2221; x_wconf 88' lang='lat' dir='ltr'>Grandior</span> <span class='ocrx_word' id='word_1_128' title='bbox 273 2163 320 2219; x_wconf 92' lang='lat' dir='ltr'>hic</span> <span class='ocrx_word' id='word_1_129' title='bbox 335 2182 404 2220; x_wconf 90' lang='lat' dir='ltr'>vero</span> <span class='ocrx_word' id='word_1_130' title='bbox 419 2163 441 2221; x_wconf 93' lang='lat' dir='ltr'>si</span> <span class='ocrx_word' id='word_1_131' title='bbox 456 2163 514 2220; x_wconf 90' lang='lat' dir='ltr'>iarn</span> <span class='ocrx_word' id='word_1_132' title='bbox 529 2164 683 2237; x_wconf 89' lang='lat' dir='ltr'>seniorque</span> <span class='ocrx_word' id='word_1_133' title='bbox 698 2174 833 2237; x_wconf 89' lang='lat' dir='ltr'>queratur</span> 
     </span>
    </p>

    <p class='ocr_par' dir='ltr' id='par_1_13' title="bbox 111 2259 1005 2335">
     <span class='ocr_line' id='line_1_20' title="bbox 111 2259 1005 2335; baseline 0.001 -19"><span class='ocrx_word' id='word_1_134' title='bbox 111 2269 197 2334; x_wconf 91' lang='lat' dir='ltr'>atque</span> <span class='ocrx_word' id='word_1_135' title='bbox 212 2259 326 2317; x_wconf 91' lang='lat' dir='ltr'>obitum</span> <span class='ocrx_word' id='word_1_136' title='bbox 341 2261 515 2317; x_wconf 86' lang='lat' dir='ltr'>lamentetur</span> <span class='ocrx_word' id='word_1_137' title='bbox 529 2261 616 2317; x_wconf 89' lang='lat' dir='ltr'>miser</span> <span class='ocrx_word' id='word_1_138' title='bbox 629 2261 752 2334; x_wconf 89' lang='lat' dir='ltr'>amplius</span> <span class='ocrx_word' id='word_1_139' title='bbox 767 2279 871 2335; x_wconf 85' lang='lat' dir='ltr'>aeque,</span> <span class='ocrx_word' id='word_1_140' title='bbox 964 2271 1005 2317; x_wconf 83' lang='grc'><strong>139</strong></span> 
     </span>
    </p>

    <p class='ocr_par' dir='ltr' id='par_1_14' title="bbox 111 2357 922 2432">
     <span class='ocr_line' id='line_1_21' title="bbox 111 2357 922 2432; baseline 0.005 -19"><span class='ocrx_word' id='word_1_141' title='bbox 111 2374 170 2415; x_wconf 93' lang='lat' dir='ltr'>non</span> <span class='ocrx_word' id='word_1_142' title='bbox 185 2357 289 2415; x_wconf 88' lang='lat' dir='ltr'>merito</span> <span class='ocrx_word' id='word_1_143' title='bbox 305 2358 442 2415; x_wconf 82' lang='lat' dir='ltr'>inclamet</span> <span class='ocrx_word' id='word_1_144' title='bbox 457 2357 549 2432; x_wconf 86' lang='lat' dir='ltr'>magis</span> <span class='ocrx_word' id='word_1_145' title='bbox 564 2367 593 2414; x_wconf 94' lang='lat' dir='ltr'>et</span> <span class='ocrx_word' id='word_1_146' title='bbox 607 2375 680 2415; x_wconf 90' lang='lat' dir='ltr'>voce</span> <span class='ocrx_word' id='word_1_147' title='bbox 695 2358 828 2432; x_wconf 90' lang='lat' dir='ltr'>increpet</span> <span class='ocrx_word' id='word_1_148' title='bbox 841 2359 922 2417; x_wconf 88' lang='lat' dir='ltr'>acri?</span> 
     </span>
    </p>

    <p class='ocr_par' dir='ltr' id='par_1_15' title="bbox 112 2454 1081 2626">
     <span class='ocr_line' id='line_1_22' title="bbox 113 2454 1081 2529; baseline 0.003 -18"><span class='ocrx_word' id='word_1_149' title='bbox 113 2454 206 2511; x_wconf 87' lang='lat' dir='ltr'>‘auser</span> <span class='ocrx_word' id='word_1_150' title='bbox 217 2454 325 2513; x_wconf 86' lang='lat' dir='ltr'>abhinc</span> <span class='ocrx_word' id='word_1_151' title='bbox 338 2455 479 2524; x_wconf 87' lang='lat' dir='ltr'>lacrimas,</span> <span class='ocrx_word' id='word_1_152' title='bbox 490 2454 610 2524; x_wconf 87' lang='lat' dir='ltr'>balatro,</span> <span class='ocrx_word' id='word_1_153' title='bbox 620 2464 649 2511; x_wconf 94' lang='lat' dir='ltr'>et</span> <span class='ocrx_word' id='word_1_154' title='bbox 660 2472 818 2529; x_wconf 91' lang='lat' dir='ltr'>compesce</span> <span class='ocrx_word' id='word_1_155' title='bbox 828 2456 978 2529; x_wconf 92' lang='lat' dir='ltr'>querellas.</span> <span class='ocrx_word' id='word_1_156' title='bbox 1016 2464 1081 2525; x_wconf 83' lang='lat'>(955)</span> 
     </span>
     <span class='ocr_line' id='line_1_23' title="bbox 112 2549 766 2626; baseline 0.002 -18"><span class='ocrx_word' id='word_1_157' title='bbox 112 2549 220 2609; x_wconf 89' lang='lat' dir='ltr'>Omnia</span> <span class='ocrx_word' id='word_1_158' title='bbox 234 2551 404 2626; x_wconf 84' lang='lat' dir='ltr'>perfunctus</span> <span class='ocrx_word' id='word_1_159' title='bbox 418 2551 486 2608; x_wconf 90' lang='lat' dir='ltr'>vitai</span> <span class='ocrx_word' id='word_1_160' title='bbox 500 2552 630 2626; x_wconf 89' lang='lat' dir='ltr'>praemia</span> <span class='ocrx_word' id='word_1_161' title='bbox 644 2569 766 2609; x_wconf 78' lang='lat' dir='ltr'>marces,</span> 
     </span>
    </p>

    <p class='ocr_par' dir='ltr' id='par_1_16' title="bbox 110 2646 1005 2821">
     <span class='ocr_line' id='line_1_24' title="bbox 111 2646 978 2723; baseline 0.001 -17"><span class='ocrx_word' id='word_1_162' title='bbox 111 2646 170 2706; x_wconf 89' lang='lat' dir='ltr'>Sed</span> <span class='ocrx_word' id='word_1_163' title='bbox 186 2649 256 2722; x_wconf 91' lang='lat' dir='ltr'>quia</span> <span class='ocrx_word' id='word_1_164' title='bbox 270 2666 386 2723; x_wconf 90' lang='lat' dir='ltr'>semper</span> <span class='ocrx_word' id='word_1_165' title='bbox 399 2666 467 2706; x_wconf 86' lang='lat' dir='ltr'>aves</span> <span class='ocrx_word' id='word_1_166' title='bbox 482 2647 564 2723; x_wconf 94' lang='lat' dir='ltr'>quod</span> <span class='ocrx_word' id='word_1_167' title='bbox 578 2648 670 2719; x_wconf 89' lang='lat' dir='ltr'>abest,</span> <span class='ocrx_word' id='word_1_168' title='bbox 685 2650 849 2723; x_wconf 89' lang='lat' dir='ltr'>praesentia</span> <span class='ocrx_word' id='word_1_169' title='bbox 863 2649 978 2720; x_wconf 89' lang='lat' dir='ltr'>temnis,</span> 
     </span>
     <span class='ocr_line' id='line_1_25' title="bbox 110 2743 1005 2821; baseline 0.002 -20"><span class='ocrx_word' id='word_1_170' title='bbox 110 2743 271 2819; x_wconf 84' lang='lat' dir='ltr'>inperfecta</span> <span class='ocrx_word' id='word_1_171' title='bbox 284 2746 336 2803; x_wconf 90' lang='lat' dir='ltr'>tibi</span> <span class='ocrx_word' id='word_1_172' title='bbox 351 2746 475 2820; x_wconf 88' lang='lat' dir='ltr'>elapsast</span> <span class='ocrx_word' id='word_1_173' title='bbox 489 2746 660 2821; x_wconf 87' lang='lat' dir='ltr'>ingrataque</span> <span class='ocrx_word' id='word_1_174' title='bbox 674 2747 733 2803; x_wconf 90' lang='lat' dir='ltr'>vita</span> <span class='ocrx_word' id='word_1_175' title='bbox 964 2755 1005 2802; x_wconf 80' lang='grc'>155</span> 
     </span>
    </p>

    <p class='ocr_par' dir='ltr' id='par_1_17' title="bbox 111 2842 812 2918">
     <span class='ocr_line' id='line_1_26' title="bbox 111 2842 812 2918; baseline 0.001 -20"><span class='ocrx_word' id='word_1_176' title='bbox 111 2850 140 2899; x_wconf 92' lang='lat' dir='ltr'>et</span> <span class='ocrx_word' id='word_1_177' title='bbox 153 2859 210 2899; x_wconf 90' lang='lat' dir='ltr'>nec</span> <span class='ocrx_word' id='word_1_178' title='bbox 225 2843 358 2917; x_wconf 88' lang='lat' dir='ltr'>opinanti</span> <span class='ocrx_word' id='word_1_179' title='bbox 372 2862 449 2901; x_wconf 92' lang='lat' dir='ltr'>mors</span> <span class='ocrx_word' id='word_1_180' title='bbox 464 2843 503 2901; x_wconf 89' lang='lat' dir='ltr'>ad</span> <span class='ocrx_word' id='word_1_181' title='bbox 518 2852 607 2918; x_wconf 89' lang='lat' dir='ltr'>caput</span> <span class='ocrx_word' id='word_1_182' title='bbox 621 2842 730 2901; x_wconf 90' lang='lat' dir='ltr'>adstitit</span> <span class='ocrx_word' id='word_1_183' title='bbox 744 2852 812 2900; x_wconf 90' lang='lat' dir='ltr'>ante</span> 
     </span>
    </p>

    <p class='ocr_par' dir='ltr' id='par_1_18' title="bbox 111 2937 1081 3095">
     <span class='ocr_line' id='line_1_27' title="bbox 111 2937 1081 3015; baseline -0.002 -19"><span class='ocrx_word' id='word_1_184' title='bbox 111 2956 198 3014; x_wconf 91' lang='lat' dir='ltr'>quam</span> <span class='ocrx_word' id='word_1_185' title='bbox 213 2949 292 2997; x_wconf 91' lang='lat' dir='ltr'>satur</span> <span class='ocrx_word' id='word_1_186' title='bbox 304 2959 339 2997; x_wconf 92' lang='lat' dir='ltr'>ac</span> <span class='ocrx_word' id='word_1_187' title='bbox 354 2941 458 3015; x_wconf 89' lang='lat' dir='ltr'>plenus</span> <span class='ocrx_word' id='word_1_188' title='bbox 472 2941 566 3014; x_wconf 88' lang='lat' dir='ltr'>possis</span> <span class='ocrx_word' id='word_1_189' title='bbox 581 2938 734 2997; x_wconf 88' lang='lat' dir='ltr'>discedere</span> <span class='ocrx_word' id='word_1_190' title='bbox 749 2958 855 2999; x_wconf 89' lang='lat' dir='ltr'>rerum.</span> <span class='ocrx_word' id='word_1_191' title='bbox 1016 2937 1081 2995; x_wconf 85' lang='lat'><strong>(9⁶0)</strong></span> 
     </span>
     <span class='ocr_line' id='line_1_28' title="bbox 111 3035 806 3095; baseline 0 -1"><span class='ocrx_word' id='word_1_192' title='bbox 111 3035 199 3094; x_wconf 91' lang='lat' dir='ltr'>Nunc</span> <span class='ocrx_word' id='word_1_193' title='bbox 214 3037 309 3094; x_wconf 89' lang='lat' dir='ltr'>aliena</span> <span class='ocrx_word' id='word_1_194' title='bbox 323 3046 373 3094; x_wconf 92' lang='lat' dir='ltr'>tua</span> <span class='ocrx_word' id='word_1_195' title='bbox 387 3046 486 3094; x_wconf 91' lang='lat' dir='ltr'>tamen</span> <span class='ocrx_word' id='word_1_196' title='bbox 501 3047 595 3095; x_wconf 88' lang='lat' dir='ltr'>aetate</span> <span class='ocrx_word' id='word_1_197' title='bbox 610 3037 710 3094; x_wconf 90' lang='lat' dir='ltr'>omnia</span> <span class='ocrx_word' id='word_1_198' title='bbox 724 3037 806 3094; x_wconf 89' lang='lat' dir='ltr'>mitte</span> 
     </span>
    </p>

    <p class='ocr_par' dir='ltr' id='par_1_19' title="bbox 110 3133 1008 3388">
     <span class='ocr_line' id='line_1_29' title="bbox 110 3133 1008 3210; baseline 0.001 -20"><span class='ocrx_word' id='word_1_199' title='bbox 110 3151 205 3209; x_wconf 92' lang='lat' dir='ltr'>aequo</span> <span class='ocrx_word' id='word_1_200' title='bbox 216 3135 374 3210; x_wconf 91' lang='lat' dir='ltr'>animoque</span> <span class='ocrx_word' id='word_1_201' title='bbox 384 3134 512 3209; x_wconf 88' lang='lat' dir='ltr'>agedum</span> <span class='ocrx_word' id='word_1_202' title='bbox 524 3134 658 3192; x_wconf 90' lang='lat' dir='ltr'>humanis</span> <span class='ocrx_word' id='word_1_203' title='bbox 670 3133 804 3192; x_wconf 90' lang='lat' dir='ltr'>concede</span> <span class='ocrx_word' id='word_1_204' title='bbox 816 3155 822 3192; x_wconf 92' lang='lat'>:</span> <span class='ocrx_word' id='word_1_205' title='bbox 838 3135 1008 3193; x_wconf 66' lang='lat' dir='ltr'>necessest!</span> 
     </span>
     <span class='ocr_line' id='line_1_30' title="bbox 111 3231 1006 3308; baseline -0.002 -20"><span class='ocrx_word' id='word_1_206' title='bbox 111 3231 187 3302; x_wconf 90' lang='lat' dir='ltr'>Iure,</span> <span class='ocrx_word' id='word_1_207' title='bbox 202 3242 234 3289; x_wconf 92' lang='lat' dir='ltr'>ut</span> <span class='ocrx_word' id='word_1_208' title='bbox 248 3233 361 3307; x_wconf 90' lang='lat' dir='ltr'>opinor,</span> <span class='ocrx_word' id='word_1_209' title='bbox 376 3244 451 3308; x_wconf 86' lang='lat' dir='ltr'>agat,</span> <span class='ocrx_word' id='word_1_210' title='bbox 466 3233 526 3290; x_wconf 91' lang='lat' dir='ltr'>iure</span> <span class='ocrx_word' id='word_1_211' title='bbox 541 3233 672 3306; x_wconf 89' lang='lat' dir='ltr'>increpet</span> <span class='ocrx_word' id='word_1_212' title='bbox 686 3233 863 3306; x_wconf 86' lang='lat' dir='ltr'>inciletque3</span> <span class='ocrx_word' id='word_1_213' title='bbox 964 3240 1006 3286; x_wconf 89' lang='grc'><strong>149</strong></span> 
     </span>
     <span class='ocr_line' id='line_1_31' title="bbox 110 3328 805 3388; baseline 0 -2"><span class='ocrx_word' id='word_1_214' title='bbox 110 3328 190 3387; x_wconf 92' lang='lat' dir='ltr'>cedit</span> <span class='ocrx_word' id='word_1_215' title='bbox 204 3331 283 3388; x_wconf 90' lang='lat' dir='ltr'>enim</span> <span class='ocrx_word' id='word_1_216' title='bbox 297 3348 392 3388; x_wconf 89' lang='lat' dir='ltr'>rerum</span> <span class='ocrx_word' id='word_1_217' title='bbox 408 3330 535 3388; x_wconf 88' lang='lat' dir='ltr'>novitate</span> <span class='ocrx_word' id='word_1_218' title='bbox 551 3340 665 3387; x_wconf 86' lang='lat' dir='ltr'>extrusa</span> <span class='ocrx_word' id='word_1_219' title='bbox 679 3339 805 3387; x_wconf 89' lang='lat' dir='ltr'>vetustas</span> 
     </span>
    </p>

    <p class='ocr_par' dir='ltr' id='par_1_20' title="bbox 110 3422 1081 3697">
     <span class='ocr_line' id='line_1_32' title="bbox 110 3422 1081 3502; baseline -0.004 -18"><span class='ocrx_word' id='word_1_220' title='bbox 110 3443 235 3502; x_wconf 84' lang='lat' dir='ltr'>semper,</span> <span class='ocrx_word' id='word_1_221' title='bbox 251 3437 280 3484; x_wconf 91' lang='lat' dir='ltr'>et</span> <span class='ocrx_word' id='word_1_222' title='bbox 294 3446 331 3484; x_wconf 84' lang='lat' dir='ltr'>ex</span> <span class='ocrx_word' id='word_1_223' title='bbox 344 3428 405 3484; x_wconf 90' lang='lat' dir='ltr'>aliis</span> <span class='ocrx_word' id='word_1_224' title='bbox 420 3426 499 3484; x_wconf 91' lang='lat' dir='ltr'>aliud</span> <span class='ocrx_word' id='word_1_225' title='bbox 513 3445 645 3501; x_wconf 89' lang='lat' dir='ltr'>reparare</span> <span class='ocrx_word' id='word_1_226' title='bbox 660 3436 828 3497; x_wconf 90' lang='lat' dir='ltr'>necessest;</span> <span class='ocrx_word' id='word_1_227' title='bbox 1017 3422 1081 3480; x_wconf 80' lang='grc'><strong>(995)</strong></span> 
     </span>
     <span class='ocr_line' id='line_1_33' title="bbox 110 3521 977 3600; baseline 0 -19"><span class='ocrx_word' id='word_1_228' title='bbox 110 3540 166 3582; x_wconf 90' lang='lat' dir='ltr'>nec</span> <span class='ocrx_word' id='word_1_229' title='bbox 180 3525 335 3600; x_wconf 89' lang='lat' dir='ltr'>quisquam</span> <span class='ocrx_word' id='word_1_230' title='bbox 349 3525 379 3582; x_wconf 90' lang='lat' dir='ltr'>in</span> <span class='ocrx_word' id='word_1_231' title='bbox 393 3524 559 3582; x_wconf 88' lang='lat' dir='ltr'>barathrum</span> <span class='ocrx_word' id='word_1_232' title='bbox 573 3542 630 3581; x_wconf 90' lang='lat' dir='ltr'>nec</span> <span class='ocrx_word' id='word_1_233' title='bbox 643 3525 763 3580; x_wconf 88' lang='lat' dir='ltr'>Tartara</span> <span class='ocrx_word' id='word_1_234' title='bbox 777 3521 894 3580; x_wconf 91' lang='lat' dir='ltr'>deditur</span> <span class='ocrx_word' id='word_1_235' title='bbox 907 3531 977 3581; x_wconf 87' lang='lat' dir='ltr'>atra.</span> 
     </span>
     <span class='ocr_line' id='line_1_34' title="bbox 110 3620 849 3697; baseline -0.004 -17"><span class='ocrx_word' id='word_1_236' title='bbox 110 3623 249 3680; x_wconf 89' lang='lat' dir='ltr'>Materies</span> <span class='ocrx_word' id='word_1_237' title='bbox 263 3640 337 3697; x_wconf 92' lang='lat' dir='ltr'>opus</span> <span class='ocrx_word' id='word_1_238' title='bbox 352 3631 396 3679; x_wconf 90' lang='lat' dir='ltr'>est</span> <span class='ocrx_word' id='word_1_239' title='bbox 410 3631 442 3678; x_wconf 88' lang='lat' dir='ltr'>ut</span> <span class='ocrx_word' id='word_1_240' title='bbox 456 3631 588 3678; x_wconf 90' lang='lat' dir='ltr'>crescant</span> <span class='ocrx_word' id='word_1_241' title='bbox 603 3631 718 3696; x_wconf 89' lang='lat' dir='ltr'>postera</span> <span class='ocrx_word' id='word_1_242' title='bbox 734 3620 849 3691; x_wconf 90' lang='lat' dir='ltr'>saecla;</span> 
     </span>
    </p>

    <p class='ocr_par' dir='ltr' id='par_1_21' title="bbox 110 3718 1004 3794">
     <span class='ocr_line' id='line_1_35' title="bbox 110 3718 1004 3794; baseline -0.007 -17"><span class='ocrx_word' id='word_1_243' title='bbox 110 3735 186 3794; x_wconf 91' lang='lat' dir='ltr'>quae</span> <span class='ocrx_word' id='word_1_244' title='bbox 200 3730 300 3776; x_wconf 87' lang='lat' dir='ltr'>tamen</span> <span class='ocrx_word' id='word_1_245' title='bbox 314 3718 414 3776; x_wconf 91' lang='lat' dir='ltr'>omnia</span> <span class='ocrx_word' id='word_1_246' title='bbox 428 3728 456 3774; x_wconf 89' lang='lat' dir='ltr'>te</span> <span class='ocrx_word' id='word_1_247' title='bbox 471 3718 530 3775; x_wconf 89' lang='lat' dir='ltr'>vita</span> <span class='ocrx_word' id='word_1_248' title='bbox 543 3718 697 3792; x_wconf 86' lang='lat' dir='ltr'>perfuncta</span> <span class='ocrx_word' id='word_1_249' title='bbox 710 3726 887 3791; x_wconf 89' lang='lat' dir='ltr'>sequentur;</span> <span class='ocrx_word' id='word_1_250' title='bbox 963 3723 1004 3770; x_wconf 84' lang='lat'>145</span> 
     </span>
    </p>

    <p class='ocr_par' dir='ltr' id='par_1_22' title="bbox 110 3811 1005 3893">
     <span class='ocr_line' id='line_1_36' title="bbox 110 3811 1005 3893; baseline -0.006 -19"><span class='ocrx_word' id='word_1_251' title='bbox 110 3833 167 3875; x_wconf 90' lang='lat' dir='ltr'>nec</span> <span class='ocrx_word' id='word_1_252' title='bbox 177 3816 274 3876; x_wconf 90' lang='lat' dir='ltr'>minus</span> <span class='ocrx_word' id='word_1_253' title='bbox 284 3832 353 3891; x_wconf 86' lang='lat' dir='ltr'>ergo</span> <span class='ocrx_word' id='word_1_254' title='bbox 364 3825 431 3874; x_wconf 89' lang='lat' dir='ltr'>ante</span> <span class='ocrx_word' id='word_1_255' title='bbox 443 3813 517 3873; x_wconf 89' lang='lat' dir='ltr'>haec</span> <span class='ocrx_word' id='word_1_256' title='bbox 529 3832 617 3888; x_wconf 90' lang='lat' dir='ltr'>quam</span> <span class='ocrx_word' id='word_1_257' title='bbox 629 3823 660 3872; x_wconf 91' lang='lat' dir='ltr'>tu</span> <span class='ocrx_word' id='word_1_258' title='bbox 673 3812 817 3886; x_wconf 87' lang='lat' dir='ltr'>cecidere,</span> <span class='ocrx_word' id='word_1_259' title='bbox 829 3811 1005 3893; x_wconf 89' lang='lat' dir='ltr'>cadentque.</span> 
     </span>
    </p>
   </div>
   <div class='ocr_carea' id='block_1_3' title="bbox 0 0 1284 4230">
    <p class='ocr_par' dir='ltr' id='par_1_23' title="bbox 0 0 1284 4230">
     <span class='ocr_line' id='line_1_37' title="bbox 0 0 1284 4230; baseline 0 2"><span class='ocrx_word' id='word_1_260' title='bbox 0 0 1284 4230; x_wconf 95' lang='lat' dir='ltr'> </span> 
     </span>
    </p>
   </div>
  </div>
 </body>
</html>
