2558 4230
462 347 591 415 Catulli
616 348 786 416 Camino.
1112 369 1149 434 17

218 543 248 593 at
261 552 350 594 roseo
364 533 466 594 niveae
480 533 648 594 residebant
661 535 768 596 vertice
783 536 880 609 vittae,

218 641 427 707 aeternumque
441 650 544 691 manus
558 633 718 708 carpebant
730 635 784 693 rite
797 635 937 694 laborem.
1108 645 1152 691 310

218 729 315 788 Laeva
328 728 427 788 colum
441 729 522 788 molli
535 730 603 788 lana
616 730 761 790 retinebat
774 732 925 804 amictum,

219 825 339 885 dextera
351 834 414 885 tum
427 826 528 884 leviter
541 825 694 886 deducens
707 828 756 885 fila
769 829 879 904 supinis

218 922 362 982 sonnabat
376 921 483 999 digitis,
498 931 561 982 tum
575 941 671 1000 prono
684 925 714 982 in
728 925 834 1000 pollice
847 935 988 1003 torquens

219 1019 354 1079 libratum
368 1020 452 1078 tereti
465 1021 599 1079 versabat
613 1021 728 1080 trnbine
741 1022 848 1096 fusum,

220 1124 307 1192 atque
322 1117 362 1175 ita
376 1114 539 1193 decerpens
554 1118 700 1193 aequabat
714 1137 829 1195 semper
842 1138 919 1196 opus
932 1119 1017 1194 dens,
1107 1128 1151 1177 31⁵

220 1213 362 1288 laneaque
376 1212 494 1272 aridulis
509 1214 669 1273 haerebant
683 1233 779 1274 morsa
792 1217 911 1289 labellis,

220 1328 295 1385 quae
309 1310 389 1386 prius
403 1311 433 1368 in
447 1311 504 1368 levi
518 1311 631 1370 fuerant
646 1314 773 1371 extantia
785 1314 853 1373 filo:

220 1415 286 1466 ante
300 1406 394 1483 pedes
407 1417 505 1466 autem
520 1408 675 1468 candentis
690 1410 788 1468 mollia
800 1411 884 1469 lanae

220 1505 324 1563 vellera
336 1505 437 1581 virgati
451 1505 638 1565 custodibant
651 1507 808 1567 calathisci.

222 1603 307 1661 Haec
321 1611 384 1661 tum
398 1603 540 1662 clarisona
554 1604 695 1680 pellentes
709 1606 815 1663 vellera
828 1624 903 1665 voce
1108 1618 1153 1663 320

220 1700 287 1758 talia
301 1699 401 1758 divino
414 1700 553 1760 fuderunt
566 1703 696 1760 carmine
709 1704 776 1773 fata,

221 1798 357 1871 carmine,
371 1798 510 1874 perfidiae
525 1798 607 1876 quod
620 1809 688 1876 post
701 1801 780 1858 nulla
792 1810 893 1877 arguet
905 1810 995 1861 aetas.

222 1997 250 2058 Ο
265 1997 356 2056 decus
370 1998 509 2057 eximium
524 1999 636 2075 magnis
650 1999 801 2058 virtutibus
815 2017 935 2075 augens,

261 2095 414 2154 Emathiae
428 2105 560 2154 tutamen
575 2096 649 2171 opis,
664 2097 821 2155 clarissime
835 2108 915 2169 nato,

260 2192 373 2268 accipe,
387 2191 469 2268 quod
482 2193 559 2251 laeta
572 2193 625 2252 tibi
638 2193 772 2269 pandunt
785 2193 851 2252 luce
865 2212 989 2266 sorores,
1108 2205 1151 2251 325

260 2289 421 2348 veridicum
436 2291 584 2349 oraclum:
607 2289 661 2349 sed
674 2309 736 2362 vos,
751 2308 827 2366 quae
842 2291 900 2348 lata
912 2301 1082 2367 sequuntur,

220 2387 325 2445 currite
340 2386 483 2446 ducentes
498 2388 691 2464 subtegmina,
705 2389 820 2460 currite,
835 2388 899 2447 susi.

858 2512 917 2561 s..)

220 2583 365 2644 Adveniet
377 2586 430 2646 tibi
443 2587 500 2645 iam
515 2597 633 2664 portans
647 2596 747 2662 optata
760 2587 868 2646 maritis

260 2685 423 2760 Hesperus,
438 2683 575 2742 adveniet
588 2686 683 2743 fausto
697 2703 766 2743 cum
780 2684 875 2742 sidere
890 2683 1020 2743 coniunx

260 2799 336 2858 quae
352 2781 403 2840 tibi
418 2780 573 2840 flexanimo
587 2782 692 2840 mentis
706 2780 862 2858 perfundat
875 2799 1017 2853 amorem,
1106 2792 1150 2838 33ὰ

259 2877 501 2954 languidulosque
515 2888 598 2955 paret
611 2889 710 2937 tecum
724 2879 902 2954 coniungere
917 2895 1047 2951 somnos,

258 2975 333 3034 levia
346 2975 532 3035 substernens
545 2976 666 3035 robusto
679 2975 799 3035 brachia
812 2975 899 3034 collo.

219 3073 333 3134 Currite
347 3069 489 3132 ducentes
504 3073 697 3150 subtegmina,
713 3073 827 3145 currite,
842 3071 907 3131 susi.

218 3271 307 3332 Nulla
320 3271 426 3332 domus
439 3273 511 3332 tales
525 3291 666 3348 umquam
680 3272 811 3331 contexit
824 3288 949 3343 amores,

257 3369 353 3428 nullus
367 3387 450 3428 amor
463 3369 513 3427 tali
527 3369 678 3428 coniunxit
691 3368 810 3427 foedere
825 3378 967 3440 amantes,
1104 3376 1147 3421 335

257 3466 350 3541 qualis
364 3466 448 3525 adest
461 3465 589 3539 Thetidi,
604 3466 696 3541 qualis
710 3464 871 3524 concordia
885 3466 984 3525 Peleo.

216 3563 330 3624 Currite
344 3561 487 3623 ducentes
501 3563 695 3639 subtegmina,
710 3563 824 3635 currite,
838 3562 904 3621 fusi.

216 3744 364 3802 Nascetur
375 3744 458 3803 vobis
472 3761 576 3819 expers
590 3744 704 3802 terroris
718 3743 855 3815 Achilles,

256 3841 389 3902 hostibus
402 3840 482 3900 haud
495 3850 587 3916 tergo,
602 3839 656 3900 sed
670 3841 736 3900 sorti
748 3849 869 3916 pectore
882 3848 980 3914 notus,
