2558 4230
112 325 153 404 58
489 319 784 404 Tabularum.

191 507 230 564 At
243 514 284 576 tu,
300 504 413 563 Natalis
427 504 534 563 multos
548 504 724 563 celebrande
739 522 792 580 per
804 522 908 578 annos,

231 600 386 660 candidior
398 620 516 677 semper
528 601 740 677 candidiorque
754 600 832 660 veni.

527 826 580 884 IV·
627 823 741 902 (1·10·)

192 986 266 1062 Quis
280 987 341 1058 fuit,
356 984 518 1045 horrendos
532 987 642 1062 primus
657 986 707 1062 qui
720 986 839 1062 protulit
852 986 960 1046 enses?

233 1086 331 1160 Quam
342 1087 417 1144 serus
432 1096 461 1143 et
474 1103 542 1143 vere
559 1087 667 1144 ferreus
681 1087 727 1144 ille
742 1087 814 1145 fuit!

190 1184 269 1242 Tum
284 1183 390 1241 caedes
406 1184 558 1241 hominum
572 1185 682 1259 generi,
697 1194 759 1241 turn
772 1184 881 1260 praelia
893 1193 971 1257 nata,

233 1292 296 1339 tum
310 1281 424 1339 brevior
438 1280 518 1338 dirae
533 1282 634 1338 mortis
648 1291 750 1356 aperta
761 1282 809 1338 via
822 1291 875 1340 est.

192 1381 240 1437 An
253 1378 325 1436 nihil
339 1379 385 1436 ille
400 1380 487 1436 miser
500 1380 625 1436 meruit?
646 1397 699 1437 nos
713 1379 752 1436 ad
767 1379 842 1436 mala
856 1388 955 1437 nostra

232 1478 378 1548 vertimus,
394 1477 423 1534 in
437 1495 537 1534 saevas
552 1476 633 1551 quod
647 1476 730 1534 dedit
744 1477 790 1534 ille
805 1478 887 1535 feras.

192 1575 297 1633 Divitis
312 1575 370 1632 hoc
383 1575 485 1632 vitium
500 1584 544 1632 est
558 1575 627 1632 auri.
671 1576 736 1632 Nec
750 1575 825 1632 bella
839 1576 963 1647 suerunt,

232 1673 345 1748 faginus
360 1673 470 1730 astabat
485 1691 554 1730 cum
569 1672 696 1748 scyphus
710 1683 778 1730 ante
792 1671 894 1747 dapeS,

192 1788 253 1827 non
267 1787 358 1841 arces,
373 1788 433 1826 non
447 1770 535 1827 vallus
550 1780 619 1841 erat,
635 1788 829 1844 somnumque
843 1769 964 1844 petebat

233 1885 351 1924 securus
365 1868 455 1923 varias
470 1866 529 1924 dux
543 1868 637 1942 gregis
652 1867 726 1924 inter
739 1886 818 1925 oves.

191 1963 277 2021 Tunc
292 1963 363 2021 mihi
376 1964 436 2020 vita
449 1964 532 2036 foret,
546 1965 624 2038 vulgi
638 1983 695 2021 nec
709 1965 799 2022 tristia
813 1982 931 2022 nossem

232 2080 312 2118 arma
326 2080 381 2118 nec
396 2061 542 2118 audissem
558 2061 647 2119 corde
662 2062 788 2119 micante
803 2062 923 2119 tubam:

191 2177 271 2216 nunc
287 2158 324 2216 ad
339 2159 415 2216 bella
429 2159 534 2230 trahor,
550 2169 579 2216 et
593 2160 650 2216 iam
666 2160 730 2234 quis
744 2160 863 2217 forsitan
877 2158 968 2218 hostis

233 2256 355 2313 haesura
368 2257 397 2313 in
412 2266 512 2313 nostro
526 2256 584 2313 tela
597 2257 669 2331 gerit
683 2257 779 2315 latere.

192 2352 251 2411 Sed
264 2353 348 2427 patrii
363 2363 472 2410 servate
489 2354 595 2411 Lares:
618 2354 726 2411 aluistis
741 2363 771 2411 et
785 2353 874 2426 idem,

233 2468 378 2507 cursarem
393 2460 503 2507 vestros
518 2469 586 2508 cum
600 2460 683 2508 tener
697 2461 764 2508 ante
779 2450 880 2526 pedes,

192 2548 260 2605 Neu
275 2546 385 2621 pudeat
398 2548 495 2622 prisco
510 2566 561 2605 vos
577 2566 640 2605 esse
656 2566 672 2605 e
686 2549 783 2624 stipite
798 2548 910 2607 iactos:

232 2645 274 2702 sic
288 2645 391 2703 veteris
406 2645 492 2703 sedes
507 2646 665 2703 incoluistis
679 2647 733 2703 avi.

190 2743 276 2799 Tunc
291 2743 393 2800 melius
408 2753 527 2801 tenuere
543 2743 642 2815 fidem,
657 2763 725 2801 cum
740 2761 868 2818 paupere
883 2742 962 2802 cultu

233 2841 326 2899 stabat
341 2841 371 2898 in
385 2841 489 2915 exigua
503 2842 613 2915 ligneus
628 2840 702 2897 aede
717 2839 800 2898 deus.

193 2937 254 2996 Hic
268 2937 400 3011 placatus
415 2948 483 3008 erat,
499 2956 550 2995 seu
565 2938 630 3011 quis
644 2936 781 2995 libaverat
795 2956 890 3010 uvam,

232 3052 284 3090 seu
298 3033 421 3091 dederat
434 3045 552 3092 sanctae
567 3034 667 3109 spicea
680 3045 756 3092 serta
769 3053 892 3093 comae:
975 3018 982 3032 ’

190 3140 279 3205 atque
294 3131 395 3205 aliquis
410 3132 469 3188 voti
482 3150 604 3207 compos
618 3131 676 3189 liba
690 3132 752 3206 ipse
767 3132 877 3191 ferebat

232 3238 356 3303 postque
371 3246 472 3286 comes
487 3247 592 3303 purum
605 3229 664 3286 filia
678 3247 765 3303 parva
779 3230 884 3288 savum.

190 3327 229 3383 At
243 3326 327 3383 nobis
343 3336 448 3397 aerata,
466 3327 561 3397 Lares,
578 3326 714 3401 depellite
729 3328 794 3398 tela,

231 3422 383 3498 hostiaque
399 3443 416 3480 e
431 3424 517 3498 plena
530 3425 638 3481 rustica
651 3443 758 3499 porcus
772 3425 849 3482 hara.

191 3519 282 3577 Hanc
296 3537 368 3593 pura
383 3540 449 3577 cum
465 3531 544 3578 veste
560 3540 663 3596 sequar
677 3531 829 3597 myrtoque
845 3521 970 3581 canistra

230 3616 329 3674 vincta
341 3634 448 3692 geram,
464 3628 557 3692 myrto
572 3619 684 3676 vinctus
700 3619 805 3693 etipse
820 3629 917 3694 caput.

189 3710 237 3773 sic
252 3713 384 3788 placeam
398 3714 498 3772 vobis:
521 3715 592 3773 alius
607 3717 643 3774 sit
657 3717 737 3774 sortis
753 3717 782 3774 in
796 3717 891 3788 armis,

231 3818 340 3869 sternat
354 3821 384 3869 et
398 3809 534 3871 adversos
550 3814 644 3872 Marte
659 3814 773 3871 favente
789 3812 890 3886 duces,
