2558 4230
453 349 623 436 Propertii
643 351 790 438 Elegiae.

217 547 247 596 et
259 537 332 596 texit
346 537 430 612 galea
443 537 563 596 barbara
576 538 663 596 molle
678 548 776 614 caput.

180 635 321 693 Romanis
334 635 447 693 utinam
461 635 621 710 patuissent
634 645 728 693 castra
741 635 843 711 puellis
856 637 864 694 l

218 750 315 792 essem
328 733 448 789 militiae
462 732 576 790 sarcina
588 731 649 790 fida
662 741 739 805 tuae,

180 847 235 888 nec
248 847 297 887 me
311 828 460 887 tardarent
473 829 608 905 Scythiae
623 829 698 906 iuga,
713 849 781 888 curn
796 839 878 905 pater
891 829 963 888 altas

219 927 332 985 Africus
347 925 378 984 in
390 926 515 1002 glaciem
530 926 634 1002 frigore
649 927 741 984 nectit
755 945 854 1002 aquas.

182 1024 285 1084 Omnis
300 1042 383 1082 amor
396 1042 527 1098 magnus,
542 1023 595 1082 sed
610 1034 711 1100 aperto
726 1024 754 1081 in
770 1025 896 1099 coniuge
911 1024 1021 1082 maior:
1062 1031 1091 1078 45

219 1122 297 1179 hanc
310 1122 420 1193 Venus,
434 1130 467 1178 ut
480 1121 565 1192 vivat,
579 1121 698 1179 ventilat
713 1122 776 1196 ipsa
792 1122 897 1179 facem.
1098 1115 1148 1174 (50l

183 1219 260 1277 Nam
274 1218 346 1277 mihi
360 1219 441 1294 quo?
484 1218 588 1277 Poenis
603 1219 655 1276 tibi
670 1236 797 1295 purpura
811 1219 919 1294 fulgeat
933 1219 1016 1277 ostris

220 1315 427 1391 crystallusque
441 1333 522 1373 meas
536 1326 619 1373 omet
632 1334 744 1390 aquosa
757 1334 870 1374 manus.

185 1413 292 1473 Omnia
305 1413 393 1471 surda
405 1422 514 1485 tacent,
528 1412 655 1488 rarisque
669 1412 792 1472 adsueta
805 1412 938 1472 kalendis

221 1511 269 1568 vix
282 1510 376 1586 aperit
389 1509 503 1568 clausos
517 1529 576 1568 una
589 1511 687 1586 puella
700 1511 782 1582 lares,
1065 1519 1094 1564 5ο

184 1606 343 1668 Glaucidos
357 1617 386 1665 et
400 1608 512 1665 catulae
526 1627 584 1666 vox
598 1617 642 1665 est
657 1608 728 1665 mihi
742 1617 823 1683 grata
836 1606 1002 1683 querentis:
1100 1603 1151 1660 (55)

221 1706 269 1763 illa
282 1705 324 1763 tui
338 1714 451 1781 partem
464 1704 593 1762 vindicat
608 1724 667 1762 nna
680 1715 754 1762 torn.

187 1803 267 1861 Flore
282 1803 390 1860 sacella
403 1811 480 1877 tego,
496 1803 627 1861 verbenis
643 1803 773 1878 compita
786 1803 861 1873 velo,

224 1910 254 1959 et
267 1910 369 1977 crepat
383 1900 420 1958 ad
434 1910 546 1958 veteres
561 1901 652 1959 herba
667 1901 772 1959 Sabina
787 1900 879 1958 socos.

188 1999 249 2058 Sive
264 1999 294 2057 in
308 1998 432 2056 finitimo
447 1998 556 2073 gemuit
572 2008 650 2055 stans
667 2009 776 2055 noctua
789 1998 879 2072 tigno,

224 2114 275 2154 seu
290 2096 381 2154 voluit
394 2096 473 2171 tangi
488 2114 576 2170 parca
590 2095 709 2152 lucerna
723 2113 814 2165 mern,

188 2193 232 2251 illa
245 2193 309 2251 dies
322 2192 421 2251 hornis
435 2192 559 2250 caedem
573 2192 727 2250 denuntiat
741 2193 831 2267 agnis,

225 2291 426 2366 succinctique
442 2289 537 2347 calent
551 2290 588 2348 ad
604 2308 681 2348 nova
694 2290 773 2348 lucra
786 2306 892 2365 popae.

190 2388 243 2460 Ne,
257 2406 370 2463 precor,
385 2388 512 2446 ascensis
528 2388 599 2445 tanti
615 2389 650 2445 sit
665 2388 755 2462 gloria
770 2387 890 2458 Bactris,

225 2495 341 2561 raptave
356 2485 479 2543 odorato
493 2485 613 2542 carbasa
626 2485 684 2540 lina
698 2482 775 2553 duci,
1070 2480 1099 2522 ⁶0

190 2581 324 2657 plumbea
337 2600 405 2639 cum
419 2591 511 2639 tortae
528 2590 699 2655 sparguntur
712 2579 846 2655 pondera
859 2579 976 2651 fundae,
1105 2575 1155 2633 (65)

227 2678 365 2738 subdolus
381 2689 410 2737 et
424 2678 511 2736 versis
526 2679 658 2752 increpat
672 2694 756 2734 arcus
771 2676 862 2751 equis.

191 2775 254 2848 Sed,
268 2786 319 2835 tua
332 2777 375 2834 sic
389 2776 507 2835 domitis
523 2775 644 2833 Parthae
659 2775 766 2832 telluris
781 2774 903 2832 alumnis

226 2891 299 2948 pura
312 2873 516 2948 triumphantis
531 2873 613 2930 hasta
627 2882 763 2947 sequatur
776 2889 879 2946 equos,

191 2969 354 3046 incorrupta
367 2970 426 3028 mei
440 2987 582 3028 conserva
596 2968 715 3027 foedera
728 2969 806 3026 lecti.

228 3069 296 3126 Hac
311 3085 368 3143 ego
382 3077 412 3125 te
426 3067 489 3125 solo
504 3068 568 3142 lege
583 3065 693 3124 redisse
707 3066 803 3137 velim,

192 3183 325 3242 armaque
340 3184 408 3223 cum
422 3166 515 3223 tulero
530 3174 632 3241 portae
646 3165 744 3222 votiva
758 3164 907 3240 Capenae,

228 3264 409 3324 subscribam
424 3264 520 3323 ‘salvo
535 3273 616 3340 grata
629 3263 726 3340 puella
740 3263 820 3321 viro.¹

528 3507 592 3565 XV.
639 3504 741 3582 (ua.)

193 3654 277 3714 Sacra
289 3655 359 3714 facit
372 3665 471 3714 vates:
494 3654 552 3712 sint
566 3672 616 3711 ora
630 3653 756 3711 faventia
769 3652 867 3723 sacris,

230 3762 259 3810 et
274 3752 361 3811 cadat
374 3762 442 3811 ante
458 3769 540 3810 meos
555 3749 613 3808 icta
626 3749 749 3807 iuvenca
762 3750 855 3807 socos

193 3847 263 3906 Cera
275 3848 430 3907 Philetaer’s
444 3857 538 3908 certet
550 3849 693 3910 Romana
707 3849 872 3930 corymbis,
