2558 4230
403 348 573 414 aarum.
619 349 680 432 sp.
703 349 804 414 arrrr.
1089 366 1132 434 97

198 534 363 612 blandaque
378 535 555 611 compositas
569 553 639 594 aura
652 533 796 594 secundet
809 552 909 610 aquas.
1010 542 1053 590 050

164 632 278 691 Troasin
291 631 423 705 invide0,
437 650 512 707 quae
527 632 569 691 sic
582 632 737 691 lacrimosa
749 650 868 691 suorum

198 731 296 788 funera
311 730 506 805 conspicient,
520 747 578 787 nec
591 730 694 804 procul
708 730 798 788 hostis
812 730 874 788 erit

162 828 228 903 Ipsa
240 828 298 886 suis
313 827 449 885 manibus
464 826 528 885 sorti
542 844 619 885 nova
632 836 725 902 nupta
739 828 842 885 marito

197 925 319 1000 inponet
333 925 448 1001 galeam
462 923 641 999 barbaraque
656 943 736 982 arma
751 925 840 983 dabit.
1064 922 1130 983 (040)

161 1026 245 1082 Arma
259 1023 351 1095 dabit,
366 1021 497 1098 dumque
512 1039 592 1080 arma
606 1020 696 1092 dabit,
712 1023 797 1080 simul
811 1022 912 1081 oscula
926 1031 1039 1082 sumet:
1051 1056 1092 1066 -

196 1122 253 1180 hoc
267 1140 361 1197 genus
375 1120 465 1178 officii
479 1118 566 1178 dulce
581 1120 697 1178 duobus
711 1121 813 1177 erit-
829 1128 833 1134 “
1010 1119 1053 1176 036

159 1219 359 1297 producetque
373 1219 476 1291 virum,
491 1218 573 1277 dabit
586 1227 616 1276 et
630 1217 769 1276 mandata
782 1218 893 1290 reverti,

197 1327 225 1376 et
238 1317 321 1376 dicet
335 1318 460 1376 ‘reseras
475 1317 529 1375 ista
543 1316 589 1373 fac
603 1334 684 1372 arma
698 1315 761 1372 Iovi
775 1317 799 1372 l’

161 1415 218 1488 Ille,
232 1416 329 1474 ferens
343 1415 482 1473 dominae
496 1413 635 1471 mandata
648 1413 777 1470 recentia
791 1430 892 1470 securn
1063 1407 1129 1469 (045)

196 1513 338 1588 pugnabit
352 1522 447 1582 caute,
462 1511 657 1586 respicietque
672 1510 803 1568 domum.
1010 1518 1053 1564 040

161 1610 253 1668 Exuet
267 1610 342 1668 haec
356 1607 457 1667 reduci
473 1609 611 1684 clipeum,
626 1607 798 1682 galeamque
812 1607 946 1679 resolvet,

197 1707 382 1782 excipietque
397 1724 451 1764 suo
465 1723 590 1780 corpora
602 1704 677 1762 lassa
690 1705 764 1762 sinu.

160 1805 220 1864 Nos
234 1822 335 1863 sumus
349 1804 487 1861 incertae.
530 1803 593 1860 Nos
608 1803 709 1861 anxius
723 1802 823 1860 omnia
836 1802 925 1878 cogit,

196 1919 272 1977 quae
287 1909 411 1976 possunt
424 1900 494 1970 fieri,
510 1899 587 1957 iacta
600 1909 701 1975 putare
715 1900 809 1957 timor.
1064 1896 1129 1956 (050)

162 1999 237 2057 Dum
252 2008 351 2056 tamen
368 2016 448 2055 arma
461 2015 544 2072 geres
558 1997 673 2055 diverso
688 1998 771 2055 miles
786 1997 815 2054 in
830 1997 910 2069 orbe,
1009 2005 1050 2054 045

197 2114 271 2172 quae
285 2095 390 2153 referat
404 2095 498 2152 vultus
512 2104 557 2152 est
570 2095 641 2152 mihi
657 2113 723 2153 cera
737 2105 812 2153 tuos.

161 2193 201 2251 Illi
214 2192 379 2262 blanditias,
395 2192 434 2250 illi
449 2192 500 2250 tibi
515 2192 615 2250 debita
627 2193 716 2251 verba

196 2289 331 2360 dicimus,
346 2289 497 2364 amplexus
512 2289 620 2364 accipit
634 2289 681 2346 illa
694 2307 786 2347 meos

161 2387 253 2447 Crede
268 2387 349 2457 mihi,
364 2376 428 2461 plus
443 2395 496 2458 est,
511 2404 600 2461 quarn
615 2386 697 2462 quod
711 2387 853 2459 videatur,
868 2387 965 2464 imago
1063 2384 1128 2444 (055)

196 2484 274 2543 adde
289 2502 395 2541 sonum
408 2501 504 2555 cerae,
520 2484 694 2542 Protesilaus
709 2486 770 2543 erit.
1009 2493 1052 2541 050

161 2583 247 2640 Hanc
262 2591 375 2657 specto,
390 2591 536 2656 teneoque
550 2582 615 2640 sinu
630 2600 683 2656 pro
698 2583 822 2657 coniuge
838 2600 916 2656 vero,

196 2689 233 2751 et,
248 2689 399 2754 tamquam
413 2679 505 2754 possit
517 2680 606 2737 verba
619 2679 733 2750 referre,
749 2698 861 2754 queror.

160 2777 212 2835 Per
224 2777 335 2835 reditus
350 2794 515 2851 corpusque
529 2787 621 2847 tuum,
636 2795 703 2834 mea
717 2778 845 2849 numina,
859 2777 933 2849 iuro,

196 2892 306 2950 perque
321 2890 405 2948 pares
419 2873 509 2931 animi
523 2873 709 2950 coniugiique
724 2874 811 2945 faces,
1061 2870 1127 2929 (1⁶0)

159 2989 277 3047 perque,
291 2969 374 3046 quod
387 2980 419 3028 ut
432 2971 549 3029 videam
563 2971 643 3029 canis
658 2972 754 3030 albere
770 2971 890 3047 capillis
1008 2979 1049 3027 055

196 3069 277 3144 quod
291 3080 391 3126 tecum
405 3068 498 3143 possis
512 3068 574 3144 ipse
589 3069 703 3140 referre,
721 3080 818 3144 caput,

159 3184 204 3223 me
219 3167 271 3226 tibi
284 3175 435 3224 venturam
450 3167 599 3238 comitem,
614 3185 802 3243 quocumque
816 3166 937 3239 vocaris,

197 3264 255 3321 sive
264 3261 395 3337 -quod
410 3262 467 3321 heu
481 3264 581 3336 timeo,
596 3264 657 3323 sive
672 3275 818 3340 superstes
833 3264 897 3323 eris.

159 3359 267 3420 Ultima
281 3359 422 3418 mandato
437 3361 588 3418 claudetur
602 3362 725 3436 epistula
739 3379 846 3437 parvo:
1060 3357 1124 3415 (165)

196 3458 232 3516 sit
244 3458 298 3516 tibi
311 3475 381 3516 cura
394 3458 462 3531 mei,
476 3458 513 3516 sit
526 3457 579 3517 tibi
592 3476 662 3517 cura
675 3458 736 3519 tuil
1005 3455 1048 3501 1⁶⁰
