2558 4230
486 339 615 405 Catulli
643 340 809 408 Camino.

568 570 622 628 IV
665 569 729 647 (9)

787 660 795 689 Ι

320 673 438 771 Verani,
453 681 589 758 oinnibus
603 718 621 758 e
636 672 714 759 meis
723 700 825 761 amicis

321 774 461 855 antistar'rs
475 797 546 855 mihi
559 768 676 856 m'ilibus
689 776 836 909 ιιεοε1ι1191

321 872 463 954 venistine
478 894 603 988 domum
618 872 657 954 ad
670 870 738 955 tuos
753 898 878 956 Penates

321 970 480 1084 fratresque
493 967 649 1052 unanimos
663 1012 811 1080 anumque
826 970 974 1056 matrem?

321 1058 513 1150 1ἴεωειιο
528 1071 600 1149 mih1
613 1092 707 1150 nuntii
721 1092 820 1152 beati!
935 1136 949 1171 Ι

322 1157 422 1245 Visam
435 1196 465 1246 te
478 1187 658 1247 incolumem
672 1157 850 1294 audiamque
865 1190 1014 1250 Hiberum

322 1295 486 1343 narrantem
499 1286 575 1359 loca,
589 1257 713 1389 fdcta,
690 1255 850 1383 qatidnes,

322 1357 355 1440 u‘t
368 1401 433 1441 mos
447 1393 491 1442 est
503 1393 580 1455 tuus,
595 1350 805 1495 applicansque
819 1385 930 1445 collum

323 1450 484 1538 iocundum
497 1458 532 1539 ds
535 1481 708 1593 oculosque
723 1446 866 1542 savidbor.

324 1577 508 1681 Oquantum
523 1552 567 1636 est
581 1555 734 1637 homindm
740 1546 921 1684 beatiorum,

323 1644 394 1750 quid
408 1693 457 1734 me
470 1644 572 1734 laetius
586 1644 631 1734 est
644 1648 814 1736 beatiusve?

313 1842 330 1901 1
566 1838 603 1897 V·
649 1837 730 1915 (11·)

325 1934 392 2028 Furi
406 1978 436 2028 et
439 1942 557 2079 Aureli,
572 1958 696 2029 comites
700 1934 828 2072 Catdlli,

324 2030 426 2170 s'ive
395 2067 426 2124 in
439 2042 585 2125 extremos
599 2040 764 2143 penetrabit
778 2038 881 2142 Indos,

324 2163 390 2223 litus
403 2134 436 2222 dt
449 2164 536 2239 longe
550 2132 706 2222 resona‘nte
722 2148 789 2223 an

484 2261 615 2320 tunditur
627 2260 717 2361 unda,

324 2359 428 2418 sivein
443 2328 641 2471 llyrcanos
613 2336 781 2463 Arabesque
795 2326 910 2434 molles,

325 2448 462 2565 qen
391 2432 480 2515 Sacas
494 2426 734 2564 sagittiferosque
741 2430 873 2563 Parthos,

326 2553 386 2612 sive
400 2571 476 2629 quae
438 2520 740 2629 septemgdminus
754 2530 867 2613 colorat

339 2705 352 2736 Ι
437 2668 621 2753 aequora
627 2649 761 2742 Nilus,

325 2747 386 2807 sive
400 2757 479 2806 trans
492 2748 563 2806 altas
578 2725 725 2849 gradietur
738 2748 838 2857 Alpes,

326 2828 459 2905 Caesaris
473 2845 568 2904 visens
582 2814 821 2905 monimdnta
776 2846 886 2922 magni,

326 2913 472 3002 Gallicdm
487 2942 625 3001 Rhenum
640 2916 808 3002 hornlsilem
822 2930 947 3003 insulam
959 2943 1024 3002 ulti-

452 3058 610 3152 mosque
626 3040 789 3111 Britannos,

285 3136 298 3179 l
325 3136 435 3195 omnia
430 3110 521 3207 haec,
536 3154 739 3237 quaecumque
754 3137 826 3195 seret
841 3137 973 3196 voluntas

286 3212 517 3344 caelitu'ml.
488 3242 599 3290 tentare
614 3204 699 3291 simdl
713 3204 813 3335 parati,

326 3349 422 3406 pauca
435 3304 566 3389 nuntiatd
580 3348 664 3388 meae
678 3303 793 3406 puellae

487 3446 549 3485 non
563 3427 641 3486 bona
654 3427 742 3486 dicta

459 3538 476 3571 1
592 3536 611 3570 1
726 3537 744 3571 1
860 3538 879 3572 1
892 3580 899 3593 Ι
995 3538 1013 3575 1

325 3537 394 3711 ll'ee
409 3634 510 3675 meum
505 3578 679 3725 respectet,
693 3625 725 3673 ut
739 3628 816 3688 ante,
832 3635 973 3691 amorem,

327 3731 424 3823 qur!
371 3713 466 3771 'illius
480 3688 568 3816 c‘ulpa
582 3685 691 3771 cecidit
704 3714 782 3771 velut
797 3713 870 3789 prati

327 3784 424 3868 ultimi
434 3809 497 3881 flos,
512 3819 714 3885 praetereunte
730 3782 886 3886 postquam

308 3932 321 3975 ι
488 3915 581 3965 tactus
596 3916 689 3966 aratro
704 3916 759 3969 est
