2558 4230
396 354 501 419 Liber
523 354 676 435 Quintus.

114 560 200 619 quam
214 542 343 602 silvestre
358 559 449 618 genus
465 542 600 618 capiebat
614 542 831 618 terrigenarum.

114 642 190 698 Nam
204 639 287 715 quod
301 639 384 698 adest
398 649 523 716 praesto,
538 641 593 698 nisi
608 639 680 715 quid
694 642 885 716 cognovimus
899 651 967 700 ante

113 737 233 808 suavius,
249 737 279 794 in
293 737 393 812 primis
407 737 504 813 placet
519 747 548 794 et
562 737 672 813 pollere
687 737 810 810 videtur,

113 833 312 909 posteriorque
327 834 386 890 sere
402 834 504 891 melior
517 853 563 892 res
578 835 625 891 illa
638 845 753 910 reperta
941 835 986 892 4⁶⁰

112 929 207 1006 perdit
221 939 250 988 et
264 931 399 989 immutat
413 948 515 990 sensus
529 930 569 989 ad
582 932 703 1008 pristina
716 950 862 1008 quaeque.
980 932 1060 991 (1415)

151 1126 230 1201 Ergo
244 1125 395 1183 hominum
410 1143 503 1201 genus
517 1127 662 1185 incassum
673 1127 832 1202 frustraque
846 1128 957 1187 laborat
983 1138 1062 1198 (1430)

112 1239 227 1298 semper
240 1233 271 1280 et
285 1225 317 1281 in
331 1223 407 1281 curis
422 1224 568 1281 consumit
582 1224 715 1282 inanibus
729 1243 845 1296 aevom,

111 1320 244 1377 nimirum
259 1320 328 1395 quia
342 1338 402 1378 non
417 1321 555 1396 cognovit
569 1339 645 1396 quae
659 1321 694 1379 sit
709 1321 838 1379 habendi

111 1416 175 1474 finis
188 1427 218 1474 et
232 1417 353 1475 omnino
367 1417 466 1493 quoad
482 1426 594 1475 crescat
607 1435 675 1475 vera
688 1418 831 1493 voluptas.
941 1418 985 1476 465

112 1513 206 1588 quue
221 1514 384 1571 minutatim
399 1515 488 1572 vitam
503 1514 634 1589 provexit
648 1515 678 1573 in
692 1515 782 1573 altum

112 1621 140 1668 et
152 1611 220 1669 belli
235 1629 356 1686 magnos
371 1613 531 1670 commovit
546 1611 674 1670 funditus
689 1623 795 1672 aestus.
983 1610 1062 1670 (1435)

150 1711 188 1766 At
202 1708 301 1784 vigiles
316 1708 418 1767 mundi
435 1728 573 1785 magnum
588 1729 624 1767 ac
636 1710 768 1768 versatile
782 1710 926 1786 templum

111 1806 154 1864 sol
168 1814 197 1863 et
210 1805 280 1864 luna
293 1825 346 1864 suo
360 1806 513 1865 lustrantes
528 1807 637 1865 lumine
653 1808 764 1865 circum

111 1902 291 1980 perdocuere
306 1904 439 1962 homines
454 1923 598 1963 annornm
611 1915 746 1980 tempora
759 1905 832 1964 verti
940 1917 985 1962 470

112 2009 141 2059 et
154 2011 234 2058 certa
246 2001 358 2059 ratione
373 2002 434 2077 geri
449 2019 510 2060 rem
525 2012 612 2077 atque
627 2001 730 2060 ordine
745 2012 835 2062 cert0.

151 2098 216 2155 Iam
229 2097 331 2155 validis
345 2099 437 2173 saepti
453 2097 600 2174 degebant
614 2099 738 2157 turribus
753 2117 857 2158 aevom
979 2096 1060 2156 (¹440)

112 2203 141 2252 et
153 2194 246 2253 divisa
260 2193 410 2252 colebatur
424 2195 605 2270 discretaque
620 2196 713 2267 tellus,

111 2291 168 2350 iam
183 2310 263 2350 mare
276 2292 404 2350 velivolis
421 2292 540 2351 florebat
555 2293 720 2368 puppibus3
742 2293 828 2352 urbes

112 2390 216 2448 auxilia
229 2408 264 2448 ac
278 2389 374 2448 socios
390 2390 447 2447 iam
463 2399 550 2465 pacto
565 2389 685 2447 foedere
699 2389 856 2463 habebant,
939 2399 983 2447 475

112 2487 286 2545 carminibus
301 2505 370 2544 cum
385 2504 430 2544 res
444 2497 539 2561 gestas
554 2505 679 2563 coepere
694 2499 799 2562 poetae

112 2583 243 2656 tradere;
265 2602 322 2641 nec
337 2583 429 2641 multo
444 2583 516 2658 priu'
531 2592 599 2641 sunt
612 2584 758 2641 elementa
771 2594 893 2660 reperta.
981 2582 1061 2641 (1445)

112 2683 269 2758 Propterea
282 2680 354 2757 quid
368 2682 404 2739 sit
418 2681 497 2756 prins
511 2689 609 2738 actum
623 2682 767 2756 respicere
782 2691 863 2740 aetas

112 2789 209 2838 nostra
221 2779 331 2854 nequit,
346 2779 401 2836 nisi
416 2797 475 2855 qua
488 2779 561 2836 ratio
575 2779 695 2854 vestigia
709 2787 859 2838 monstrat.

151 2877 276 2952 Navigia
288 2885 376 2952 atque
391 2878 451 2952 agri
466 2877 591 2934 culturas
606 2877 723 2933 moenia
736 2877 814 2951 leges
940 2875 985 2931 ⁴80

112 2992 191 3033 arma
203 2975 264 3032 vias
276 2983 372 3032 vestes
385 2983 416 3033 et
427 2984 524 3032 cetera
538 2973 577 3032 de
591 2991 698 3048 genere
713 2973 816 3031 horum

112 3072 249 3147 praemia,
264 3071 384 3130 delicias
398 3090 516 3147 quoque
531 3072 608 3128 vitae
623 3069 751 3128 funditus
766 3069 870 3143 omnis,
980 3068 1060 3127 (1450)

113 3170 241 3227 carmina
254 3169 389 3245 picturas,
406 3179 435 3226 et
449 3168 574 3227 daedala
588 3169 670 3243 signa
683 3168 785 3243 polire,

111 3285 178 3326 usus
193 3276 223 3325 et
237 3267 377 3343 impigrae
392 3267 475 3323 simul
491 3266 670 3341 experientia
684 3266 789 3323 mentis

112 3365 250 3439 paulatim
265 3363 366 3422 docuit
380 3363 571 3438 pedetemtim
587 3362 808 3437 progredientis.
940 3361 984 3418 ⁴85

113 3462 159 3521 Sic
173 3460 406 3536 unumquicquid
421 3460 559 3535 paulatim
574 3459 714 3534 protrahit
728 3467 808 3516 aetas

112 3557 142 3617 in
156 3557 287 3616 medium
301 3558 432 3632 ratioque
447 3557 477 3614 in
491 3557 606 3614 luminis
621 3556 704 3631 erigit
717 3574 790 3614 oras.
981 3552 1060 3611 (1455)

113 3656 250 3731 Namque
265 3654 324 3713 alid
338 3673 375 3712 ex
388 3654 445 3712 alio
459 3654 618 3711 clarescere
634 3663 662 3710 et
677 3652 780 3710 ordine
795 3650 885 3712 debet

113 3753 229 3826 artibus
244 3751 283 3811 ad
297 3769 442 3811 summurn
457 3749 554 3809 donec
568 3767 673 3808 venere
688 3766 842 3809 cacumen.
