<?xml version="1.0" encoding="UTF-8"?>
<!DOCTYPE html PUBLIC "-//W3C//DTD XHTML 1.0 Transitional//EN"
    "http://www.w3.org/TR/xhtml1/DTD/xhtml1-transitional.dtd">
<html xmlns="http://www.w3.org/1999/xhtml" xml:lang="en" lang="en">
 <head>
  <title>
</title>
<meta http-equiv="Content-Type" content="text/html;charset=utf-8" />
  <meta name='ocr-system' content='tesseract 3.04.00' />
  <meta name='ocr-capabilities' content='ocr_page ocr_carea ocr_par ocr_line ocrx_word'/>
</head>
<body>
  <div class='ocr_page' id='page_1' title='image "./selectionsfroml02crowgoog_0064.png"; bbox 0 0 2558 4230; ppageno 0'>
   <div class='ocr_carea' id='block_1_1' title="bbox 191 873 924 953">
    <p class='ocr_par' dir='ltr' id='par_1_1' title="bbox 191 873 924 953">
     <span class='ocr_line' id='line_1_1' title="bbox 191 873 924 953; baseline 0.008 -7"><span class='ocrx_word' id='word_1_1' title='bbox 191 873 346 946; x_wconf 90' lang='lat' dir='ltr'><strong>ALBII</strong></span> <span class='ocrx_word' id='word_1_2' title='bbox 390 875 618 949; x_wconf 92' lang='lat' dir='ltr'><strong>TIBULLI</strong></span> <span class='ocrx_word' id='word_1_3' title='bbox 663 877 924 953; x_wconf 86' lang='lat' dir='ltr'><strong>ELEGIAE.</strong></span> 
     </span>
    </p>
   </div>
   <div class='ocr_carea' id='block_1_2' title="bbox 488 1113 626 1141">
    <p class='ocr_par' dir='ltr' id='par_1_2' title="bbox 488 1113 626 1141">
     <span class='ocr_line' id='line_1_2' title="bbox 488 1113 626 1141; baseline 0 0"><span class='ocrx_word' id='word_1_4' title='bbox 488 1113 626 1141; x_wconf 57' lang='lat'>—400—</span> 
     </span>
    </p>
   </div>
   <div class='ocr_carea' id='block_1_3' title="bbox 471 1302 638 1382">
    <p class='ocr_par' dir='ltr' id='par_1_3' title="bbox 471 1302 638 1382">
     <span class='ocr_line' id='line_1_3' title="bbox 471 1302 638 1382; baseline 0 0"><span class='ocrx_word' id='word_1_5' title='bbox 471 1304 496 1362; x_wconf 94' lang='lat'>1.</span> <span class='ocrx_word' id='word_1_6' title='bbox 543 1302 638 1382; x_wconf 86' lang='lat'>(1·1·)</span> 
     </span>
    </p>
   </div>
   <div class='ocr_carea' id='block_1_4' title="bbox 59 1480 1024 3777">
    <p class='ocr_par' dir='ltr' id='par_1_4' title="bbox 59 1480 1024 3777">
     <span class='ocr_line' id='line_1_4' title="bbox 197 1480 835 1558; baseline 0.006 -19"><span class='ocrx_word' id='word_1_7' title='bbox 197 1480 350 1540; x_wconf 87' lang='lat' dir='ltr'>IVITIAS</span> <span class='ocrx_word' id='word_1_8' title='bbox 362 1481 433 1540; x_wconf 87' lang='lat' dir='ltr'>alius</span> <span class='ocrx_word' id='word_1_9' title='bbox 448 1481 525 1540; x_wconf 84' lang='lat' dir='ltr'><strong>fulvo</strong></span> <span class='ocrx_word' id='word_1_10' title='bbox 540 1481 595 1540; x_wconf 92' lang='lat' dir='ltr'>sibi</span> <span class='ocrx_word' id='word_1_11' title='bbox 609 1492 750 1558; x_wconf 87' lang='lat' dir='ltr'><strong>congerat</strong></span> <span class='ocrx_word' id='word_1_12' title='bbox 763 1501 835 1543; x_wconf 86' lang='lat' dir='ltr'>auro</span> 
     </span>
     <span class='ocr_line' id='line_1_5' title="bbox 237 1578 755 1654; baseline 0.002 -19"><span class='ocrx_word' id='word_1_13' title='bbox 237 1586 267 1635; x_wconf 95' lang='lat' dir='ltr'>et</span> <span class='ocrx_word' id='word_1_14' title='bbox 280 1586 379 1636; x_wconf 91' lang='lat' dir='ltr'>teneat</span> <span class='ocrx_word' id='word_1_15' title='bbox 393 1578 463 1636; x_wconf 90' lang='lat' dir='ltr'>culti</span> <span class='ocrx_word' id='word_1_16' title='bbox 477 1579 575 1654; x_wconf 86' lang='lat' dir='ltr'>iugera</span> <span class='ocrx_word' id='word_1_17' title='bbox 588 1580 679 1638; x_wconf 82' lang='lat' dir='ltr'>multa</span> <span class='ocrx_word' id='word_1_18' title='bbox 691 1580 755 1651; x_wconf 91' lang='lat' dir='ltr'>soli,</span> 
     </span>
     <span class='ocr_line' id='line_1_6' title="bbox 109 1675 780 1750; baseline 0 -16"><span class='ocrx_word' id='word_1_19' title='bbox 109 1693 198 1750; x_wconf 90' lang='lat' dir='ltr'>quem</span> <span class='ocrx_word' id='word_1_20' title='bbox 212 1675 294 1734; x_wconf 88' lang='lat' dir='ltr'>labor</span> <span class='ocrx_word' id='word_1_21' title='bbox 307 1675 440 1734; x_wconf 86' lang='lat' dir='ltr'>assiduus</span> <span class='ocrx_word' id='word_1_22' title='bbox 454 1676 552 1734; x_wconf 89' lang='lat' dir='ltr'>vicino</span> <span class='ocrx_word' id='word_1_23' title='bbox 566 1685 671 1735; x_wconf 88' lang='lat' dir='ltr'>terreat</span> <span class='ocrx_word' id='word_1_24' title='bbox 685 1677 780 1749; x_wconf 90' lang='lat' dir='ltr'>hoste,</span> 
     </span>
     <span class='ocr_line' id='line_1_7' title="bbox 149 1772 820 1850; baseline 0.004 -20"><span class='ocrx_word' id='word_1_25' title='bbox 149 1773 256 1830; x_wconf 89' lang='lat' dir='ltr'>Martia</span> <span class='ocrx_word' id='word_1_26' title='bbox 270 1772 318 1830; x_wconf 90' lang='lat' dir='ltr'>cui</span> <span class='ocrx_word' id='word_1_27' title='bbox 331 1791 452 1832; x_wconf 90' lang='lat' dir='ltr'><strong>somnos</strong></span> <span class='ocrx_word' id='word_1_28' title='bbox 466 1774 589 1831; x_wconf 91' lang='lat' dir='ltr'>classica</span> <span class='ocrx_word' id='word_1_29' title='bbox 602 1775 686 1850; x_wconf 87' lang='lat' dir='ltr'>pulsa</span> <span class='ocrx_word' id='word_1_30' title='bbox 700 1776 820 1850; x_wconf 88' lang='lat' dir='ltr'>sugent:</span> 
     </span>
     <span class='ocr_line' id='line_1_8' title="bbox 111 1870 755 1946; baseline 0.005 -19"><span class='ocrx_word' id='word_1_31' title='bbox 111 1887 157 1928; x_wconf 88' lang='lat' dir='ltr'>me</span> <span class='ocrx_word' id='word_1_32' title='bbox 172 1888 239 1928; x_wconf 89' lang='lat' dir='ltr'>mea</span> <span class='ocrx_word' id='word_1_33' title='bbox 253 1879 409 1946; x_wconf 86' lang='lat' dir='ltr'>paupertas</span> <span class='ocrx_word' id='word_1_34' title='bbox 424 1872 499 1928; x_wconf 87' lang='lat' dir='ltr'>vitae</span> <span class='ocrx_word' id='word_1_35' title='bbox 514 1870 648 1930; x_wconf 88' lang='lat' dir='ltr'>traducat</span> <span class='ocrx_word' id='word_1_36' title='bbox 661 1873 755 1944; x_wconf 89' lang='lat' dir='ltr'>inerti,</span> 
     </span>
     <span class='ocr_line' id='line_1_9' title="bbox 148 1966 748 2044; baseline 0.005 -19"><span class='ocrx_word' id='word_1_37' title='bbox 148 1966 221 2025; x_wconf 90' lang='lat' dir='ltr'>dum</span> <span class='ocrx_word' id='word_1_38' title='bbox 234 1984 318 2026; x_wconf 91' lang='lat' dir='ltr'>meus</span> <span class='ocrx_word' id='word_1_39' title='bbox 332 1967 450 2026; x_wconf 89' lang='lat' dir='ltr'>assiduo</span> <span class='ocrx_word' id='word_1_40' title='bbox 464 1969 560 2026; x_wconf 89' lang='lat' dir='ltr'>luceat</span> <span class='ocrx_word' id='word_1_41' title='bbox 574 1969 640 2044; x_wconf 86' lang='lat' dir='ltr'>igne</span> <span class='ocrx_word' id='word_1_42' title='bbox 655 1971 748 2028; x_wconf 79' lang='lat' dir='ltr'>focus</span> 
     </span>
     <span class='ocr_line' id='line_1_10' title="bbox 111 2065 780 2143; baseline 0.004 -21"><span class='ocrx_word' id='word_1_43' title='bbox 111 2065 179 2140; x_wconf 88' lang='lat' dir='ltr'>Ipse</span> <span class='ocrx_word' id='word_1_44' title='bbox 193 2083 289 2122; x_wconf 90' lang='lat' dir='ltr'>seram</span> <span class='ocrx_word' id='word_1_45' title='bbox 303 2075 417 2123; x_wconf 88' lang='lat' dir='ltr'>teneras</span> <span class='ocrx_word' id='word_1_46' title='bbox 430 2075 544 2124; x_wconf 89' lang='lat' dir='ltr'>maturo</span> <span class='ocrx_word' id='word_1_47' title='bbox 559 2076 692 2143; x_wconf 88' lang='lat' dir='ltr'>tempore</span> <span class='ocrx_word' id='word_1_48' title='bbox 706 2068 780 2125; x_wconf 89' lang='lat' dir='ltr'>vites</span> 
     </span>
     <span class='ocr_line' id='line_1_11' title="bbox 148 2162 766 2239; baseline 0.003 -19"><span class='ocrx_word' id='word_1_49' title='bbox 148 2163 271 2220; x_wconf 87' lang='lat' dir='ltr'>rusticus</span> <span class='ocrx_word' id='word_1_50' title='bbox 286 2171 315 2220; x_wconf 91' lang='lat' dir='ltr'>et</span> <span class='ocrx_word' id='word_1_51' title='bbox 329 2162 405 2221; x_wconf 88' lang='lat' dir='ltr'>sacili</span> <span class='ocrx_word' id='word_1_52' title='bbox 419 2163 540 2238; x_wconf 85' lang='lat' dir='ltr'>grandia</span> <span class='ocrx_word' id='word_1_53' title='bbox 554 2182 643 2239; x_wconf 88' lang='lat' dir='ltr'>poma</span> <span class='ocrx_word' id='word_1_54' title='bbox 658 2184 766 2223; x_wconf 89' lang='lat' dir='ltr'>manu:</span> 
     </span>
     <span class='ocr_line' id='line_1_12' title="bbox 110 2258 869 2337; baseline 0.005 -21"><span class='ocrx_word' id='word_1_55' title='bbox 110 2276 165 2317; x_wconf 90' lang='lat' dir='ltr'>nec</span> <span class='ocrx_word' id='word_1_56' title='bbox 178 2277 246 2336; x_wconf 90' lang='lat' dir='ltr'>spes</span> <span class='ocrx_word' id='word_1_57' title='bbox 260 2258 409 2332; x_wconf 89' lang='lat' dir='ltr'>destituat,</span> <span class='ocrx_word' id='word_1_58' title='bbox 424 2259 477 2318; x_wconf 93' lang='lat' dir='ltr'>sed</span> <span class='ocrx_word' id='word_1_59' title='bbox 491 2262 605 2336; x_wconf 85' lang='lat' dir='ltr'>frugum</span> <span class='ocrx_word' id='word_1_60' title='bbox 620 2280 736 2337; x_wconf 87' lang='lat' dir='ltr'>semper</span> <span class='ocrx_word' id='word_1_61' title='bbox 749 2280 869 2320; x_wconf 89' lang='lat' dir='ltr'>acervos</span> 
     </span>
     <span class='ocr_line' id='line_1_13' title="bbox 147 2357 1024 2433; baseline 0.003 -19"><span class='ocrx_word' id='word_1_62' title='bbox 147 2357 288 2432; x_wconf 89' lang='lat' dir='ltr'>praebeat</span> <span class='ocrx_word' id='word_1_63' title='bbox 302 2366 331 2415; x_wconf 93' lang='lat' dir='ltr'>et</span> <span class='ocrx_word' id='word_1_64' title='bbox 345 2358 434 2433; x_wconf 93' lang='lat' dir='ltr'>pleno</span> <span class='ocrx_word' id='word_1_65' title='bbox 448 2358 568 2432; x_wconf 84' lang='lat' dir='ltr'>pinguia</span> <span class='ocrx_word' id='word_1_66' title='bbox 581 2369 677 2417; x_wconf 87' lang='lat' dir='ltr'>musta</span> <span class='ocrx_word' id='word_1_67' title='bbox 690 2361 764 2417; x_wconf 88' lang='lat' dir='ltr'>lacu.</span> <span class='ocrx_word' id='word_1_68' title='bbox 995 2365 1024 2404; x_wconf 77' lang='lat'>²0</span> 
     </span>
     <span class='ocr_line' id='line_1_14' title="bbox 111 2453 888 2532; baseline 0.003 -20"><span class='ocrx_word' id='word_1_69' title='bbox 111 2453 187 2512; x_wconf 91' lang='lat' dir='ltr'>Nam</span> <span class='ocrx_word' id='word_1_70' title='bbox 201 2472 333 2526; x_wconf 90' lang='lat' dir='ltr'>veneror,</span> <span class='ocrx_word' id='word_1_71' title='bbox 348 2472 400 2513; x_wconf 91' lang='lat' dir='ltr'>seu</span> <span class='ocrx_word' id='word_1_72' title='bbox 415 2455 505 2530; x_wconf 92' lang='lat' dir='ltr'>stipes</span> <span class='ocrx_word' id='word_1_73' title='bbox 519 2455 608 2514; x_wconf 89' lang='lat' dir='ltr'>habet</span> <span class='ocrx_word' id='word_1_74' title='bbox 622 2456 754 2514; x_wconf 92' lang='lat' dir='ltr'>desertus</span> <span class='ocrx_word' id='word_1_75' title='bbox 770 2456 799 2514; x_wconf 94' lang='lat' dir='ltr'>in</span> <span class='ocrx_word' id='word_1_76' title='bbox 814 2456 888 2532; x_wconf 88' lang='lat' dir='ltr'>agris</span> 
     </span>
     <span class='ocr_line' id='line_1_15' title="bbox 147 2551 737 2628; baseline 0.002 -18"><span class='ocrx_word' id='word_1_77' title='bbox 147 2569 200 2610; x_wconf 92' lang='lat' dir='ltr'>seu</span> <span class='ocrx_word' id='word_1_78' title='bbox 214 2561 298 2610; x_wconf 87' lang='lat' dir='ltr'>vetus</span> <span class='ocrx_word' id='word_1_79' title='bbox 312 2551 341 2610; x_wconf 89' lang='lat' dir='ltr'>in</span> <span class='ocrx_word' id='word_1_80' title='bbox 356 2553 440 2610; x_wconf 89' lang='lat' dir='ltr'>trivio</span> <span class='ocrx_word' id='word_1_81' title='bbox 455 2552 543 2611; x_wconf 86' lang='lat' dir='ltr'>florea</span> <span class='ocrx_word' id='word_1_82' title='bbox 557 2564 633 2611; x_wconf 89' lang='lat' dir='ltr'>serta</span> <span class='ocrx_word' id='word_1_83' title='bbox 646 2553 737 2628; x_wconf 89' lang='lat' dir='ltr'>lapis:</span> 
     </span>
     <span class='ocr_line' id='line_1_16' title="bbox 112 2647 934 2724; baseline 0.006 -20"><span class='ocrx_word' id='word_1_84' title='bbox 112 2656 140 2705; x_wconf 86' lang='lat' dir='ltr'>et</span> <span class='ocrx_word' id='word_1_85' title='bbox 152 2647 363 2723; x_wconf 90' lang='lat' dir='ltr'>quodcumque</span> <span class='ocrx_word' id='word_1_86' title='bbox 377 2649 449 2706; x_wconf 89' lang='lat' dir='ltr'>mihi</span> <span class='ocrx_word' id='word_1_87' title='bbox 463 2667 587 2724; x_wconf 89' lang='lat' dir='ltr'>pomum</span> <span class='ocrx_word' id='word_1_88' title='bbox 600 2668 693 2708; x_wconf 91' lang='lat' dir='ltr'>novus</span> <span class='ocrx_word' id='word_1_89' title='bbox 708 2649 817 2708; x_wconf 86' lang='lat' dir='ltr'>educat</span> <span class='ocrx_word' id='word_1_90' title='bbox 830 2668 934 2724; x_wconf 87' lang='lat' dir='ltr'>annus,</span> 
     </span>
     <span class='ocr_line' id='line_1_17' title="bbox 59 2744 756 2822; baseline 0.006 -21"><span class='ocrx_word' id='word_1_91' title='bbox 59 2768 62 2774; x_wconf 91' lang='lat'>·</span> <span class='ocrx_word' id='word_1_92' title='bbox 147 2744 268 2804; x_wconf 89' lang='lat' dir='ltr'>libatum</span> <span class='ocrx_word' id='word_1_93' title='bbox 283 2745 428 2821; x_wconf 88' lang='lat' dir='ltr'>agricolae</span> <span class='ocrx_word' id='word_1_94' title='bbox 442 2747 560 2822; x_wconf 87' lang='lat' dir='ltr'>ponitur</span> <span class='ocrx_word' id='word_1_95' title='bbox 573 2757 641 2805; x_wconf 89' lang='lat' dir='ltr'>ante</span> <span class='ocrx_word' id='word_1_96' title='bbox 656 2746 756 2805; x_wconf 88' lang='lat' dir='ltr'>deum.</span> 
     </span>
     <span class='ocr_line' id='line_1_18' title="bbox 111 2840 799 2915; baseline 0.003 -16"><span class='ocrx_word' id='word_1_97' title='bbox 111 2840 196 2900; x_wconf 85' lang='lat' dir='ltr'>Flava</span> <span class='ocrx_word' id='word_1_98' title='bbox 209 2842 309 2915; x_wconf 89' lang='lat' dir='ltr'>Ceres,</span> <span class='ocrx_word' id='word_1_99' title='bbox 324 2843 377 2901; x_wconf 90' lang='lat' dir='ltr'>tibi</span> <span class='ocrx_word' id='word_1_100' title='bbox 391 2844 427 2901; x_wconf 92' lang='lat' dir='ltr'>sit</span> <span class='ocrx_word' id='word_1_101' title='bbox 441 2855 541 2902; x_wconf 89' lang='lat' dir='ltr'>nostro</span> <span class='ocrx_word' id='word_1_102' title='bbox 555 2844 594 2903; x_wconf 89' lang='lat' dir='ltr'>de</span> <span class='ocrx_word' id='word_1_103' title='bbox 608 2862 673 2902; x_wconf 89' lang='lat' dir='ltr'>rure</span> <span class='ocrx_word' id='word_1_104' title='bbox 688 2863 799 2902; x_wconf 90' lang='lat' dir='ltr'>corona</span> 
     </span>
     <span class='ocr_line' id='line_1_19' title="bbox 147 2940 800 3017; baseline 0.005 -19"><span class='ocrx_word' id='word_1_105' title='bbox 147 2940 256 3015; x_wconf 86' lang='lat' dir='ltr'>spicea,</span> <span class='ocrx_word' id='word_1_106' title='bbox 271 2958 347 3016; x_wconf 89' lang='lat' dir='ltr'>quae</span> <span class='ocrx_word' id='word_1_107' title='bbox 361 2941 463 3016; x_wconf 85' lang='lat' dir='ltr'>templi</span> <span class='ocrx_word' id='word_1_108' title='bbox 477 2941 607 3017; x_wconf 89' lang='lat' dir='ltr'>pendeat</span> <span class='ocrx_word' id='word_1_109' title='bbox 621 2951 689 2999; x_wconf 89' lang='lat' dir='ltr'>ante</span> <span class='ocrx_word' id='word_1_110' title='bbox 704 2942 800 3001; x_wconf 85' lang='lat' dir='ltr'>fores:</span> 
     </span>
     <span class='ocr_line' id='line_1_20' title="bbox 111 3038 806 3114; baseline 0.003 -20"><span class='ocrx_word' id='word_1_111' title='bbox 111 3038 296 3113; x_wconf 87' lang='lat' dir='ltr'>pomosisque</span> <span class='ocrx_word' id='word_1_112' title='bbox 310 3039 397 3097; x_wconf 88' lang='lat' dir='ltr'>ruber</span> <span class='ocrx_word' id='word_1_113' title='bbox 411 3049 509 3097; x_wconf 87' lang='lat' dir='ltr'>custos</span> <span class='ocrx_word' id='word_1_114' title='bbox 523 3048 648 3114; x_wconf 85' lang='lat' dir='ltr'>ponatur</span> <span class='ocrx_word' id='word_1_115' title='bbox 661 3039 691 3096; x_wconf 95' lang='lat' dir='ltr'>in</span> <span class='ocrx_word' id='word_1_116' title='bbox 706 3038 806 3111; x_wconf 90' lang='lat' dir='ltr'>hortis,</span> 
     </span>
     <span class='ocr_line' id='line_1_21' title="bbox 146 3136 709 3211; baseline 0.005 -20"><span class='ocrx_word' id='word_1_117' title='bbox 146 3144 250 3192; x_wconf 89' lang='lat' dir='ltr'>terreat</span> <span class='ocrx_word' id='word_1_118' title='bbox 264 3142 296 3192; x_wconf 92' lang='lat' dir='ltr'>ut</span> <span class='ocrx_word' id='word_1_119' title='bbox 310 3152 396 3192; x_wconf 88' lang='lat' dir='ltr'>saeva</span> <span class='ocrx_word' id='word_1_120' title='bbox 410 3136 483 3193; x_wconf 83' lang='lat' dir='ltr'>falce</span> <span class='ocrx_word' id='word_1_121' title='bbox 499 3137 618 3211; x_wconf 89' lang='lat' dir='ltr'>Priapus</span> <span class='ocrx_word' id='word_1_122' title='bbox 632 3153 709 3194; x_wconf 90' lang='lat' dir='ltr'>aves.</span> 
     </span>
     <span class='ocr_line' id='line_1_22' title="bbox 110 3227 901 3308; baseline 0.006 -22"><span class='ocrx_word' id='word_1_123' title='bbox 110 3227 167 3288; x_wconf 89' lang='lat' dir='ltr'>Vos</span> <span class='ocrx_word' id='word_1_124' title='bbox 181 3248 310 3306; x_wconf 89' lang='lat' dir='ltr'>quoque,</span> <span class='ocrx_word' id='word_1_125' title='bbox 324 3231 416 3290; x_wconf 86' lang='lat' dir='ltr'>felicis</span> <span class='ocrx_word' id='word_1_126' title='bbox 431 3232 582 3307; x_wconf 89' lang='lat' dir='ltr'>quondam</span> <span class='ocrx_word' id='word_1_127' title='bbox 596 3251 675 3291; x_wconf 93' lang='lat' dir='ltr'>nunc</span> <span class='ocrx_word' id='word_1_128' title='bbox 690 3232 826 3308; x_wconf 89' lang='lat' dir='ltr'>pauperis</span> <span class='ocrx_word' id='word_1_129' title='bbox 840 3230 901 3308; x_wconf 86' lang='lat' dir='ltr'>agri</span> 
     </span>
     <span class='ocr_line' id='line_1_23' title="bbox 148 3327 1022 3401; baseline 0.003 -15"><span class='ocrx_word' id='word_1_130' title='bbox 148 3327 295 3400; x_wconf 85' lang='lat' dir='ltr'>custodes,</span> <span class='ocrx_word' id='word_1_131' title='bbox 310 3328 388 3387; x_wconf 84' lang='lat' dir='ltr'>sertis</span> <span class='ocrx_word' id='word_1_132' title='bbox 403 3347 524 3387; x_wconf 89' lang='lat' dir='ltr'>munera</span> <span class='ocrx_word' id='word_1_133' title='bbox 537 3340 640 3401; x_wconf 89' lang='lat' dir='ltr'>vestra,</span> <span class='ocrx_word' id='word_1_134' title='bbox 657 3330 753 3388; x_wconf 87' lang='lat' dir='ltr'>Lares.</span> <span class='ocrx_word' id='word_1_135' title='bbox 992 3338 1022 3372; x_wconf 75' lang='lat'>²0</span> 
     </span>
     <span class='ocr_line' id='line_1_24' title="bbox 110 3423 903 3487; baseline 0.006 -5"><span class='ocrx_word' id='word_1_136' title='bbox 110 3423 191 3482; x_wconf 92' lang='lat' dir='ltr'>Tunc</span> <span class='ocrx_word' id='word_1_137' title='bbox 205 3425 294 3483; x_wconf 85' lang='lat' dir='ltr'>vitula</span> <span class='ocrx_word' id='word_1_138' title='bbox 306 3426 476 3484; x_wconf 89' lang='lat' dir='ltr'>innumeros</span> <span class='ocrx_word' id='word_1_139' title='bbox 490 3426 629 3485; x_wconf 88' lang='lat' dir='ltr'>lustrabat</span> <span class='ocrx_word' id='word_1_140' title='bbox 644 3445 730 3484; x_wconf 89' lang='lat' dir='ltr'>caesa</span> <span class='ocrx_word' id='word_1_141' title='bbox 743 3427 903 3487; x_wconf 87' lang='lat' dir='ltr'>iuvencos:</span> 
     </span>
     <span class='ocr_line' id='line_1_25' title="bbox 147 3522 769 3598; baseline 0.003 -19"><span class='ocrx_word' id='word_1_142' title='bbox 147 3539 225 3580; x_wconf 92' lang='lat' dir='ltr'>nunc</span> <span class='ocrx_word' id='word_1_143' title='bbox 240 3540 316 3598; x_wconf 88' lang='lat' dir='ltr'>agna</span> <span class='ocrx_word' id='word_1_144' title='bbox 329 3523 424 3598; x_wconf 85' lang='lat' dir='ltr'>exigui</span> <span class='ocrx_word' id='word_1_145' title='bbox 439 3532 483 3580; x_wconf 90' lang='lat' dir='ltr'>est</span> <span class='ocrx_word' id='word_1_146' title='bbox 497 3522 593 3580; x_wconf 90' lang='lat' dir='ltr'>hostia</span> <span class='ocrx_word' id='word_1_147' title='bbox 606 3542 693 3598; x_wconf 88' lang='lat' dir='ltr'>parva</span> <span class='ocrx_word' id='word_1_148' title='bbox 706 3524 769 3581; x_wconf 92' lang='lat' dir='ltr'>soli.</span> 
     </span>
     <span class='ocr_line' id='line_1_26' title="bbox 109 3618 857 3695; baseline 0.001 -18"><span class='ocrx_word' id='word_1_149' title='bbox 109 3618 190 3695; x_wconf 85' lang='lat' dir='ltr'>Agna</span> <span class='ocrx_word' id='word_1_150' title='bbox 203 3618 292 3678; x_wconf 85' lang='lat' dir='ltr'>cadet</span> <span class='ocrx_word' id='word_1_151' title='bbox 305 3619 397 3690; x_wconf 87' lang='lat' dir='ltr'>vobis,</span> <span class='ocrx_word' id='word_1_152' title='bbox 412 3637 501 3695; x_wconf 84' lang='lat' dir='ltr'>quarn</span> <span class='ocrx_word' id='word_1_153' title='bbox 516 3622 626 3678; x_wconf 90' lang='lat' dir='ltr'>circum</span> <span class='ocrx_word' id='word_1_154' title='bbox 641 3622 749 3678; x_wconf 88' lang='lat' dir='ltr'>rustica</span> <span class='ocrx_word' id='word_1_155' title='bbox 763 3620 857 3695; x_wconf 90' lang='lat' dir='ltr'>pubes</span> 
     </span>
     <span class='ocr_line' id='line_1_27' title="bbox 147 3716 760 3777; baseline -0.002 -2"><span class='ocrx_word' id='word_1_156' title='bbox 147 3717 254 3775; x_wconf 86' lang='lat' dir='ltr'>clamet</span> <span class='ocrx_word' id='word_1_157' title='bbox 269 3716 316 3774; x_wconf 92' lang='lat' dir='ltr'>‘io</span> <span class='ocrx_word' id='word_1_158' title='bbox 330 3734 440 3775; x_wconf 87' lang='lat' dir='ltr'>messes</span> <span class='ocrx_word' id='word_1_159' title='bbox 455 3727 485 3776; x_wconf 90' lang='lat' dir='ltr'>et</span> <span class='ocrx_word' id='word_1_160' title='bbox 498 3718 578 3777; x_wconf 90' lang='lat' dir='ltr'>bona</span> <span class='ocrx_word' id='word_1_161' title='bbox 591 3718 659 3775; x_wconf 90' lang='lat' dir='ltr'>vina</span> <span class='ocrx_word' id='word_1_162' title='bbox 672 3717 760 3775; x_wconf 64' lang='lat' dir='ltr'>date!</span> 
     </span>
    </p>
   </div>
   <div class='ocr_carea' id='block_1_5' title="bbox 111 3810 1020 3984">
    <p class='ocr_par' dir='ltr' id='par_1_5' title="bbox 111 3810 1020 3984">
     <span class='ocr_line' id='line_1_28' title="bbox 111 3810 1020 3890; baseline -0.003 -18"><span class='ocrx_word' id='word_1_163' title='bbox 111 3810 173 3873; x_wconf 85' lang='lat' dir='ltr'>Iam</span> <span class='ocrx_word' id='word_1_164' title='bbox 185 3811 279 3872; x_wconf 91' lang='lat' dir='ltr'>modo</span> <span class='ocrx_word' id='word_1_165' title='bbox 292 3831 354 3872; x_wconf 86' lang='lat' dir='ltr'>uon</span> <span class='ocrx_word' id='word_1_166' title='bbox 367 3831 488 3890; x_wconf 89' lang='lat' dir='ltr'>possum</span> <span class='ocrx_word' id='word_1_167' title='bbox 503 3823 658 3873; x_wconf 87' lang='lat' dir='ltr'>contentus</span> <span class='ocrx_word' id='word_1_168' title='bbox 671 3815 767 3872; x_wconf 90' lang='lat' dir='ltr'>vivere</span> <span class='ocrx_word' id='word_1_169' title='bbox 780 3831 872 3890; x_wconf 88' lang='lat' dir='ltr'>parvo</span> <span class='ocrx_word' id='word_1_170' title='bbox 989 3819 1020 3869; x_wconf 74' lang='lat'>25</span> 
     </span>
     <span class='ocr_line' id='line_1_29' title="bbox 268 3933 300 3984; baseline 0 -11"><span class='ocrx_word' id='word_1_171' title='bbox 268 3933 300 3984; x_wconf 76' lang='lat'>⁵1</span> 
     </span>
    </p>
   </div>
   <div class='ocr_carea' id='block_1_6' title="bbox 0 0 1284 4230">
    <p class='ocr_par' dir='ltr' id='par_1_6' title="bbox 0 0 1284 4230">
     <span class='ocr_line' id='line_1_30' title="bbox 0 0 1284 4230; baseline 0 0"><span class='ocrx_word' id='word_1_172' title='bbox 0 0 1284 4230; x_wconf 95' lang='lat' dir='ltr'> </span> 
     </span>
    </p>
   </div>
  </div>
 </body>
</html>
