2558 4230
107 319 152 388 va

494 302 623 367 rtrum
643 303 793 388 Elegoe.

192 497 226 548 ut
240 488 312 548 mihi
326 488 441 566 potanti
454 487 546 564 possit
559 505 613 546 sua
627 486 727 546 dicere
741 488 820 545 sacta

233 587 317 645 miles
331 572 361 644 et
376 586 406 644 in
422 602 524 643 mensa
536 585 658 660 pingere
673 594 767 643 castra
782 602 873 643 mero.

194 684 269 759 Quis
283 685 361 742 furor
375 693 419 742 est
433 693 524 740 atram
539 683 621 741 bellis
636 699 786 740 accersere
801 682 947 740 mortem?

235 782 372 839 Imminet
387 790 417 837 et
431 780 521 838 tacito
536 779 612 837 clam
626 779 706 836 venit
721 780 768 837 ilia
782 778 869 854 pede.

194 879 265 937 Non
278 896 363 954 seges
378 888 422 936 est
437 877 517 948 inira,
529 895 590 936 non
604 877 690 935 vinea
705 878 794 945 culta,
811 875 865 934 sed
879 875 977 934 audax
1080 882 1110 932 85

234 976 379 1036 Cerberus
394 985 424 1033 et
438 975 553 1051 Stygiae
568 974 666 1032 navita
679 974 771 1048 turpis
785 990 899 1048 aquae:

191 1072 252 1133 illic
267 1073 469 1149 percussisque
483 1072 565 1148 genis
581 1080 706 1146 ustoque
722 1070 831 1146 capillo

234 1181 309 1229 errat
322 1169 362 1228 ad
375 1170 516 1228 obscuros
531 1167 640 1245 pallida
654 1168 740 1227 turba
754 1168 844 1227 lacus.

194 1268 292 1344 Quam
305 1268 404 1345 potius
418 1266 581 1326 laudandus
596 1266 644 1325 hic
659 1276 712 1337 est,
728 1285 817 1341 quem
832 1266 913 1341 prole
927 1274 1028 1342 parata

234 1374 361 1441 occupat
375 1365 405 1423 in
418 1382 508 1440 parva
521 1364 604 1440 pigra
618 1374 738 1422 senecta
752 1366 841 1422 casa!
1079 1373 1111 1420 ⁴0

194 1464 263 1540 Ipse
278 1482 345 1522 suas
358 1471 486 1520 sectatur
499 1479 579 1533 oves,
594 1471 623 1519 at
637 1461 712 1519 filius
730 1479 830 1535 agnos,

234 1571 264 1619 et
278 1559 404 1619 calidam
418 1559 495 1617 sesso
509 1567 662 1633 comparat
676 1576 749 1615 uxor
763 1575 879 1633 aquam.

195 1659 242 1718 Sic
256 1676 312 1734 ego
327 1657 392 1729 sim,
406 1657 551 1732 liceatque
567 1664 655 1731 caput
669 1654 849 1714 candescere
864 1655 955 1729 canis,

233 1755 373 1831 temporis
388 1765 417 1813 et
432 1755 520 1829 prisci
533 1754 611 1812 facta
624 1754 729 1810 referre
744 1771 857 1812 senem.

195 1854 311 1912 Interea
326 1854 387 1910 Pax
400 1869 469 1909 arva
481 1850 568 1908 colat.
611 1853 672 1908 Pax
686 1850 814 1908 candida
827 1851 954 1926 primum
1079 1857 1111 1908 45

235 1950 318 2009 duxit
332 1959 461 2007 araturos
475 1949 530 2007 sub
544 1948 612 2023 iuga
625 1947 725 2023 panda
738 1948 839 2019 boveS,

197 2048 257 2108 Pax
270 2047 340 2105 aluit
353 2047 427 2104 vites
441 2055 470 2104 et
485 2063 590 2103 succos
605 2043 740 2103 condidit
754 2063 839 2116 uvae,

235 2144 370 2203 funderet
384 2155 416 2202 ut
430 2152 499 2201 nato
514 2153 589 2201 testa
602 2153 724 2217 patema
738 2160 872 2200 merum:

200 2243 275 2301 Pace
289 2241 395 2301 bidens
409 2259 569 2315 vomerque
585 2240 693 2316 vigent,
709 2250 738 2296 at
753 2240 843 2297 tristia
856 2238 922 2298 duri

236 2340 332 2398 militis
348 2339 377 2397 in
392 2338 519 2397 tenebris
535 2347 664 2412 occupat
678 2356 758 2395 arma
772 2338 851 2408 situS,
1081 2343 1113 2394 ⁵⁰

199 2437 319 2495 msticus
333 2453 350 2493 e
364 2435 492 2509 lucoque
507 2433 594 2505 vehit,
610 2433 687 2491 male
701 2433 812 2491 sobrius
828 2434 901 2508 ipse,

237 2550 358 2591 uxorem
372 2532 502 2607 plaustro
515 2531 745 2606 progeniemque
760 2529 894 2588 domum.

200 2631 237 2688 At
249 2630 344 2702 nobis,
361 2630 422 2687 Pax
435 2630 521 2701 aima,
535 2628 604 2686 veni
618 2628 789 2704 spicamque
804 2637 914 2700 teneto,
1117 2624 1169 2686 (⁶7)

237 2727 360 2806 perfluat
373 2736 404 2786 et
417 2727 515 2803 pomis
529 2725 675 2785 candidus
690 2735 757 2784 ante
772 2725 861 2784 sinus.

552 2959 589 3018 V·
635 2955 741 3034 (11·1·)

201 3121 337 3198 Quisquis
351 3120 444 3193 adest,
458 3121 571 3179 valeat:
593 3120 690 3196 fruges
704 3120 860 3178 lustramus
875 3129 906 3178 et
919 3136 1015 3195 agros,

237 3221 306 3279 ritus
320 3229 353 3278 ut
366 3238 384 3276 a
397 3218 494 3295 prisco
508 3217 629 3276 traditus
644 3227 722 3275 extat
735 3235 800 3275 av0.

200 3316 324 3389 Bacche,
339 3317 416 3386 veni,
431 3315 582 3391 dulcisque
598 3315 653 3372 tuis
668 3331 685 3371 e
701 3314 837 3372 cornibus
852 3332 909 3371 uva

237 3413 376 3490 pendeat,
392 3423 421 3471 et
435 3413 522 3488 spicis
537 3423 670 3487 tempora
684 3412 778 3486 cinge,
795 3412 894 3470 Ceres.

199 3509 278 3572 Luce
293 3529 376 3570 sacra
388 3510 551 3585 requiescat
565 3511 680 3580 humus,
694 3509 860 3583 requiescat
873 3516 977 3581 arator,
1095 3513 1112 3565 5

238 3618 268 3668 et
281 3625 367 3684 grave
381 3625 524 3684 suspenso
537 3625 656 3666 vomere
671 3617 766 3664 cesset
780 3624 864 3681 opus

200 3705 305 3766 Solvite
318 3704 414 3763 vincla
428 3705 500 3780 iugis
513 3726 518 3763 :
541 3723 621 3763 nunc
635 3702 675 3761 ad
688 3703 840 3779 praesepia
853 3701 965 3762 debent

238 3803 327 3880 plena
339 3810 482 3867 coronato
494 3811 570 3862 stare
587 3801 678 3862 boves
693 3800 802 3881 capite.
