2558 4230
109 317 157 385 m]
439 301 610 388 Propertii
628 302 779 389 Elegnbe.

199 483 399 546 Eumenidum
414 485 527 546 intento
540 486 626 547 turba
639 505 740 547 severa
753 488 835 548 forot

164 584 289 660 Sisyphe,
303 584 384 643 mole
399 602 496 657 vaces,
512 594 631 644 taceant
645 586 755 645 Ixionis
769 586 865 658 orbes,

198 681 283 740 fallax
295 681 442 740 Tantaleo
456 681 611 757 corripiare
627 683 729 758 liquor,

163 779 304 840 Cerberus
318 788 349 837 et
362 779 456 837 nullas
469 778 559 838 hodie
573 790 656 856 petat
670 780 820 856 improbus
834 778 961 854 umbras,

199 887 228 936 et
240 877 338 935 iaceat
352 876 442 934 tacita
454 875 537 953 lapsa
549 886 655 935 catena
668 895 741 937 sera.

162 976 229 1052 Ipsa
240 974 346 1050 loquar
358 991 413 1050 pro
427 992 494 1032 me:
517 974 542 1032 si
555 975 631 1046 sallo,
646 993 745 1050 poena
758 993 891 1034 sororum

199 1071 300 1131 infelix
312 1071 452 1130 humeros
466 1080 567 1147 urgeat
581 1090 655 1131 urna
668 1090 760 1131 meos.

162 1171 189 1231 Si
202 1170 250 1228 cui
263 1169 344 1227 fama
356 1169 411 1227 suit
423 1187 478 1245 per
491 1169 567 1227 avita
581 1180 702 1246 tropaea
715 1169 825 1242 decori,

197 1268 270 1328 Aira
283 1267 482 1327 Numantinos
496 1285 585 1342 regna
599 1267 757 1343 loquuntur
771 1286 850 1340 avos,

163 1366 250 1425 altera
263 1375 413 1424 maternos
427 1375 571 1440 exaequat
584 1365 669 1424 turba
684 1365 822 1438 Libones,

199 1473 230 1523 et
244 1462 351 1522 domus
366 1471 410 1521 est
423 1462 511 1521 titulis
525 1472 646 1538 utraque
661 1463 731 1521 fulta
744 1465 813 1522 suis.

164 1562 245 1633 Mox,
260 1560 311 1620 ubi
326 1561 384 1618 iam
400 1559 513 1618 facibus
527 1561 614 1618 cessit
628 1570 778 1635 praetexta
791 1561 909 1633 maritis,

200 1659 292 1717 vinxit
306 1667 336 1716 et
350 1666 487 1732 acceptas
502 1656 592 1715 altera
604 1658 674 1715 vitta
689 1677 799 1729 comas,

163 1757 274 1832 iungor,
289 1755 398 1826 Paulle,
412 1763 464 1812 tuo
479 1753 520 1813 sic
535 1753 699 1813 discessura
713 1755 820 1813 cubili:

200 1855 233 1912 in
246 1852 345 1928 lapide
360 1852 419 1910 hoc
432 1852 483 1910 uni
496 1862 589 1928 nupta
602 1853 688 1910 fuisse
704 1854 791 1928 legar.

164 1952 267 2010 Testor
280 1950 423 2008 maiorum
438 1950 550 2008 cineres
564 1950 625 2022 tibi,
640 1951 747 2022 Roma,
762 1950 916 2022 verendos,

202 2050 257 2107 sub
271 2066 396 2124 quorum
410 2047 507 2119 titulis,
521 2047 626 2119 Africa,
643 2058 727 2107 tonsa
741 2048 829 2118 iaces,

165 2156 193 2205 et
206 2147 314 2205 Persen
328 2145 428 2221 proavi
442 2145 626 2203 simulantem
641 2155 744 2220 pectus
758 2145 877 2204 Achillis

202 2244 311 2319 quique
324 2253 389 2316 tuas
403 2260 513 2318 proavo
527 2243 611 2319 fregit
624 2243 736 2301 Achille
752 2242 867 2314 domos,

165 2360 210 2401 me
224 2358 322 2417 neque
336 2358 476 2399 censurae
491 2341 586 2416 legem
600 2341 726 2399 mollisse
740 2359 796 2399 nec
810 2341 869 2399 ulla

202 2439 267 2498 labe
280 2456 350 2497 mea
362 2448 472 2497 vestros
487 2438 634 2496 erubuisse
648 2438 740 2497 focos.

166 2537 233 2596 Non
247 2536 301 2595 fuit
314 2535 424 2594 exuviis
438 2535 524 2594 tantis
538 2535 675 2595 Cornelia
689 2535 848 2595 damnum:

202 2635 274 2710 quin
288 2642 350 2691 erat
363 2643 393 2691 et
406 2650 531 2708 magnae
545 2650 611 2708 pars
626 2633 768 2691 imitanda
782 2633 897 2692 domus.

167 2732 231 2790 Nec
245 2748 313 2789 mea
326 2739 438 2789 mutata
451 2738 495 2788 est
509 2740 597 2802 aetas,
612 2731 675 2788 sine
690 2732 810 2788 crimine
825 2742 887 2790 tota
901 2741 962 2790 est:

202 2829 326 2888 vincimus
341 2827 468 2903 insignes
483 2827 557 2885 inter
571 2837 723 2903 utramque
740 2830 846 2888 facem.

166 2927 208 2986 Mi
222 2937 325 2985 natura
338 2923 422 2982 dedit
435 2924 514 3000 leges
528 2943 546 2982 a
561 2926 700 3001 sanguine
716 2925 828 2998 ductas,

202 3041 240 3083 ne
255 3040 375 3099 possem
388 3021 493 3079 melior
506 3021 610 3080 iudicis
625 3040 690 3080 esse
705 3033 795 3081 metu.

167 3121 320 3196 Quaelibet
333 3128 461 3177 austeras
476 3118 514 3177 de
528 3138 576 3178 ine
592 3120 664 3178 ferat
678 3139 750 3178 urna
764 3120 903 3180 tabellas:

202 3219 315 3294 turpior
327 3234 441 3276 assessu
456 3235 518 3275 non
531 3217 585 3276 erit
598 3218 657 3276 ulla
670 3236 748 3290 meu,

166 3316 210 3375 vel
222 3326 263 3388 tu,
279 3332 355 3390 quae
369 3313 482 3373 tardam
497 3314 612 3372 movisti
627 3315 695 3373 sune
711 3316 862 3390 Cybeben,

205 3413 337 3484 Claudia,
351 3412 468 3471 turritae
482 3430 546 3470 rara
559 3411 689 3469 ministra
702 3411 786 3484 deae,

167 3512 210 3570 vel
223 3511 280 3583 cui,
295 3509 469 3568 commissos
484 3527 550 3566 cum
565 3510 655 3567 Vesta
668 3518 835 3584 reposceret
849 3509 940 3585 ignes,

205 3607 335 3666 exhibuit
347 3607 428 3665 vivos
442 3607 578 3665 carbasus
593 3606 659 3664 alba
672 3607 764 3664 socos.

168 3705 232 3766 Nec
245 3714 285 3778 te,
299 3704 386 3764 dulce
402 3713 498 3778 eaput,
514 3712 607 3760 mater
620 3703 780 3774 Scribonia,
795 3703 884 3762 laesi:

204 3803 235 3863 in
248 3819 297 3862 me
311 3809 456 3861 mutatum
470 3799 542 3878 quid
555 3800 610 3861 nisi
625 3799 684 3861 iata
696 3799 788 3863 velis?
