2558 4230
174 345 234 408 116
524 343 657 406 Lucani
676 342 868 406 Pharsalia.

249 546 328 587 rarus
343 538 372 586 et
386 529 511 604 antiquis
526 528 670 587 habitator
684 529 713 585 in
728 527 846 586 urbibus
861 534 944 598 errat,

250 625 368 683 horrida
381 626 462 700 quod
477 625 582 697 dumis,
598 626 762 699 multosque
777 625 887 682 inarata
901 642 954 699 per
967 640 1061 680 annos

251 724 398 798 Hesperia
412 733 464 794 est,
480 723 644 797 desuntque
660 742 762 780 manus
777 721 965 796 poscentibus
980 720 1063 792 arvis,

250 841 312 881 non
325 830 366 893 tu,
383 821 489 897 Pyrrhe
504 822 594 892 ferox,
609 839 666 878 nec
681 821 766 878 tantis
782 819 913 877 cladibus
928 828 1029 875 auctor
1138 827 1170 875 3ο

252 922 367 977 Poenus
382 920 451 976 erit:
475 918 544 975 nulli
559 919 674 992 penitus
690 916 854 975 discindere
870 918 945 974 ferro

252 1017 391 1090 contigit:
415 1016 471 1073 alta
485 1015 590 1073 sedent
605 1016 695 1072 civilis
709 1015 828 1087 vulnera
842 1014 971 1072 dextrae.
1072 1015 1075 1019 ’

253 1113 344 1189 Quod
358 1114 382 1171 si
396 1133 456 1171 non
471 1114 556 1170 aliam
570 1124 692 1171 venturo
706 1114 765 1171 sata
780 1113 890 1170 Neroni
1155 1095 1158 1102 ¹

252 1212 389 1269 invenere
404 1211 489 1282 viam,
505 1230 671 1286 magnoque
686 1221 805 1269 aeterna
818 1221 955 1286 parantur

252 1327 342 1384 regna
355 1308 427 1378 deis,
443 1309 618 1383 coelumque
633 1327 686 1366 suo
700 1309 805 1366 servire
821 1307 934 1366 tonanti
1140 1313 1171 1364 35

253 1425 314 1464 non
327 1406 382 1466 nisi
397 1424 548 1463 saevorum
563 1406 658 1480 potuit
672 1416 738 1480 post
753 1406 828 1463 bella
841 1406 1000 1480 gigantum,

253 1503 311 1562 iam
325 1503 404 1574 nihil,
419 1521 438 1561 o
453 1504 558 1578 superi,
574 1504 737 1577 querimur:
761 1502 870 1560 scelera
883 1503 946 1577 ipsa
960 1501 1100 1577 nefasque

254 1600 310 1658 hac
325 1599 462 1658 mercede
477 1600 612 1675 placent:
635 1600 714 1658 diros
731 1600 876 1657 Pharsalia
889 1618 1011 1674 campos

254 1698 382 1773 impleat,
397 1709 427 1756 et
442 1699 533 1756 Poeni
548 1708 710 1756 saturentur
724 1699 863 1772 sanguine
878 1716 999 1770 manes;

253 1796 355 1852 ultima
369 1796 484 1853 funesta
498 1805 672 1853 concurrant
687 1796 797 1870 proelia
812 1794 936 1854 Munda.
1139 1804 1171 1850 40

255 1894 321 1964 His,
336 1893 452 1963 Caesar,
470 1894 608 1950 Perusina
621 1895 722 1964 sames,
738 1893 930 1968 Mutinaeque
944 1891 1058 1950 labores

255 1991 400 2049 accedant
414 1991 497 2063 fatis;
520 2002 557 2061 et,
575 2010 646 2065 quas
661 1991 768 2066 premit
783 2010 893 2065 aspera,
909 1992 1025 2062 classes,

256 2089 388 2161 Leuca53
411 2098 441 2146 et
455 2088 567 2146 ardenti
582 2088 694 2145 servilia
707 2089 783 2145 bella
797 2089 850 2145 sub
864 2090 976 2145 Aetna:

255 2186 378 2243 multum
394 2188 492 2245 Roma
505 2196 603 2244 tamen
619 2185 709 2244 debet
724 2185 853 2243 civilibus
867 2184 963 2257 armis,

256 2283 337 2357 quod
352 2283 404 2341 tibi
418 2301 464 2341 res
479 2294 546 2341 acta
560 2294 613 2342 est.

650 2459 756 2523 ⁶7·227·
820 2507 821 2510 ,

298 2595 366 2651 Fert
379 2594 492 2651 animus
508 2611 608 2651 causas
623 2602 768 2651 tantarum
783 2611 952 2668 expromere
967 2611 1073 2664 rerum,

256 2691 489 2764 immensumque
504 2691 629 2765 aperitur
643 2709 726 2764 opus,
742 2690 813 2765 quid
827 2691 857 2747 in
871 2708 949 2747 arma
964 2690 1121 2748 furentem.

256 2787 400 2862 impulerit
414 2788 564 2862 populum,
579 2787 651 2861 quid
666 2805 771 2861 pacem
786 2787 942 2843 excusserit
957 2787 1031 2846 orbi.

257 2884 361 2942 Invida
375 2885 498 2942 satorum
513 2885 610 2955 series,
626 2884 804 2958 summisque
819 2893 957 2959 negatum

257 2991 331 3039 stare
346 2981 416 3053 diu;
438 2981 587 3055 nimioque
602 2999 702 3056 graves
718 2982 772 3038 sub
786 2981 918 3055 pondere
933 2980 1045 3056 lapsus3
1140 2990 1172 3038 50

256 3097 313 3136 nec
327 3097 358 3136 se
373 3079 471 3136 Roma
484 3079 588 3136 ferens.
631 3079 687 3149 Sic,
702 3096 802 3153 quum,
818 3097 962 3154 compage
977 3079 1080 3153 soluta,

257 3176 373 3234 saecula
386 3185 430 3233 tot
445 3175 547 3233 mundi
561 3194 696 3251 suprema
710 3176 839 3249 coegerit
853 3176 932 3247 hora,

257 3274 409 3348 antiquum
424 3283 557 3348 repetent
571 3275 674 3332 iterum
690 3273 779 3331 chaos
794 3273 911 3345 omnia;
932 3274 1029 3333 mixtis

257 3370 353 3429 sidera
366 3371 507 3429 sideribus
523 3381 715 3429 concurrent:
738 3372 824 3446 ignea
838 3381 962 3446 pontum

256 3477 333 3526 astra
346 3477 465 3543 petent:
489 3469 571 3526 tellus
587 3468 744 3526 extendere
758 3469 842 3526 litora
855 3468 943 3539 nolet,
1141 3475 1173 3526 55

257 3566 442 3640 excutietque
456 3566 579 3623 fretum:
603 3566 679 3623 fratri
694 3567 836 3623 contraria
851 3566 970 3625 Phoebe

256 3661 317 3732 ibit,
332 3671 370 3733 et,
385 3662 537 3736 obliquum
550 3662 631 3737 bigas
645 3663 752 3737 agitare
767 3681 820 3739 per
833 3663 934 3721 orbem

255 3757 416 3834 indignata,
432 3759 511 3817 diem
526 3769 629 3836 poscet
645 3760 716 3818 sibi:
739 3768 858 3835 totaque
877 3760 988 3820 discors

110 3931 139 3975 k
251 3855 391 3917 machina
404 3855 510 3918 divulsi
524 3857 653 3918 turbabit
665 3857 789 3917 foedera
798 3855 918 3916 muudi.
