<?xml version="1.0" encoding="UTF-8"?>
<!DOCTYPE html PUBLIC "-//W3C//DTD XHTML 1.0 Transitional//EN"
    "http://www.w3.org/TR/xhtml1/DTD/xhtml1-transitional.dtd">
<html xmlns="http://www.w3.org/1999/xhtml" xml:lang="en" lang="en">
 <head>
  <title>
</title>
<meta http-equiv="Content-Type" content="text/html;charset=utf-8" />
  <meta name='ocr-system' content='tesseract 3.04.00' />
  <meta name='ocr-capabilities' content='ocr_page ocr_carea ocr_par ocr_line ocrx_word'/>
</head>
<body>
  <div class='ocr_page' id='page_1' title='image "./selectionsfroml02crowgoog/selectionsfroml02crowgoog_0051.png"; bbox 0 0 2558 4230; ppageno 0'>
   <div class='ocr_carea' id='block_1_1' title="bbox 447 316 813 383">
    <p class='ocr_par' dir='ltr' id='par_1_1' title="bbox 447 316 813 383">
     <span class='ocr_line' id='line_1_1' title="bbox 447 316 813 383; baseline 0.008 -3"><span class='ocrx_word' id='word_1_1' title='bbox 447 317 501 382; x_wconf 82' lang='lat' dir='ltr'>De</span> <span class='ocrx_word' id='word_1_2' title='bbox 522 316 649 381; x_wconf 80' lang='lat' dir='ltr'>Remm</span> <span class='ocrx_word' id='word_1_3' title='bbox 672 318 813 383; x_wconf 85' lang='lat' dir='ltr'>Natura.</span> 
     </span>
    </p>
   </div>
   <div class='ocr_carea' id='block_1_2' title="bbox 204 500 1152 1650">
    <p class='ocr_par' dir='ltr' id='par_1_2' title="bbox 207 500 850 577">
     <span class='ocr_line' id='line_1_2' title="bbox 207 500 850 577; baseline -0.003 -15"><span class='ocrx_word' id='word_1_4' title='bbox 207 502 389 562; x_wconf 85' lang='lat' dir='ltr'><strong>adlaudabile</strong></span> <span class='ocrx_word' id='word_1_5' title='bbox 405 520 480 577; x_wconf 94' lang='lat' dir='ltr'>opus</span> <span class='ocrx_word' id='word_1_6' title='bbox 494 501 594 560; x_wconf 90' lang='lat' dir='ltr'>divom</span> <span class='ocrx_word' id='word_1_7' title='bbox 609 501 726 561; x_wconf 90' lang='lat' dir='ltr'>laudare</span> <span class='ocrx_word' id='word_1_8' title='bbox 742 500 850 560; x_wconf 89' lang='lat' dir='ltr'>decere</span> 
     </span>
    </p>

    <p class='ocr_par' dir='ltr' id='par_1_3' title="bbox 205 598 1151 870">
     <span class='ocr_line' id='line_1_3' title="bbox 206 598 1080 674; baseline -0.001 -16"><span class='ocrx_word' id='word_1_9' title='bbox 206 611 417 673; x_wconf 91' lang='lat' dir='ltr'>aeternumque</span> <span class='ocrx_word' id='word_1_10' title='bbox 433 610 533 674; x_wconf 89' lang='lat' dir='ltr'>putare</span> <span class='ocrx_word' id='word_1_11' title='bbox 548 610 635 673; x_wconf 88' lang='lat' dir='ltr'>atque</span> <span class='ocrx_word' id='word_1_12' title='bbox 651 599 801 656; x_wconf 85' lang='lat' dir='ltr'>inmortale</span> <span class='ocrx_word' id='word_1_13' title='bbox 817 599 945 658; x_wconf 86' lang='lat' dir='ltr'>futurum</span> <span class='ocrx_word' id='word_1_14' title='bbox 1050 598 1080 643; x_wconf 76' lang='lat'>⁸⁰</span> 
     </span>
     <span class='ocr_line' id='line_1_4' title="bbox 205 694 1151 770; baseline -0.002 -14"><span class='ocrx_word' id='word_1_15' title='bbox 205 716 263 756; x_wconf 91' lang='lat' dir='ltr'>nec</span> <span class='ocrx_word' id='word_1_16' title='bbox 277 697 319 755; x_wconf 87' lang='lat' dir='ltr'>sas</span> <span class='ocrx_word' id='word_1_17' title='bbox 334 714 406 768; x_wconf 91' lang='lat' dir='ltr'>esse,</span> <span class='ocrx_word' id='word_1_18' title='bbox 422 695 511 753; x_wconf 93' lang='lat' dir='ltr'>deum</span> <span class='ocrx_word' id='word_1_19' title='bbox 526 696 607 770; x_wconf 93' lang='lat' dir='ltr'>quod</span> <span class='ocrx_word' id='word_1_20' title='bbox 622 696 660 754; x_wconf 89' lang='lat' dir='ltr'>sit</span> <span class='ocrx_word' id='word_1_21' title='bbox 674 696 784 753; x_wconf 91' lang='lat' dir='ltr'>ratione</span> <span class='ocrx_word' id='word_1_22' title='bbox 799 705 913 754; x_wconf 87' lang='lat' dir='ltr'>vetusta</span> <span class='ocrx_word' id='word_1_23' title='bbox 1091 694 1151 754; x_wconf 85' lang='lat'>(1⁶0)</span> 
     </span>
     <span class='ocr_line' id='line_1_5' title="bbox 206 793 910 870; baseline -0.001 -17"><span class='ocrx_word' id='word_1_24' title='bbox 206 795 340 870; x_wconf 86' lang='lat' dir='ltr'>gentibus</span> <span class='ocrx_word' id='word_1_25' title='bbox 354 793 487 851; x_wconf 92' lang='lat' dir='ltr'>humanis</span> <span class='ocrx_word' id='word_1_26' title='bbox 502 793 655 850; x_wconf 80' lang='lat' dir='ltr'>fundatum</span> <span class='ocrx_word' id='word_1_27' title='bbox 670 803 813 868; x_wconf 90' lang='lat' dir='ltr'>perpetuo</span> <span class='ocrx_word' id='word_1_28' title='bbox 827 811 910 866; x_wconf 89' lang='lat' dir='ltr'>aev0,</span> 
     </span>
    </p>

    <p class='ocr_par' dir='ltr' id='par_1_4' title="bbox 206 889 882 964">
     <span class='ocr_line' id='line_1_6' title="bbox 206 889 882 964; baseline -0.004 -14"><span class='ocrx_word' id='word_1_29' title='bbox 206 892 359 950; x_wconf 89' lang='lat' dir='ltr'>sollicitare</span> <span class='ocrx_word' id='word_1_30' title='bbox 374 892 431 948; x_wconf 93' lang='lat' dir='ltr'>suis</span> <span class='ocrx_word' id='word_1_31' title='bbox 446 891 501 947; x_wconf 94' lang='lat' dir='ltr'>ulla</span> <span class='ocrx_word' id='word_1_32' title='bbox 515 890 543 946; x_wconf 93' lang='lat' dir='ltr'>vi</span> <span class='ocrx_word' id='word_1_33' title='bbox 558 907 595 946; x_wconf 89' lang='lat' dir='ltr'>ex</span> <span class='ocrx_word' id='word_1_34' title='bbox 609 889 727 948; x_wconf 90' lang='lat' dir='ltr'>sedibus</span> <span class='ocrx_word' id='word_1_35' title='bbox 741 909 882 964; x_wconf 90' lang='lat' dir='ltr'>umquam</span> 
     </span>
    </p>

    <p class='ocr_par' dir='ltr' id='par_1_5' title="bbox 205 987 940 1085">
     <span class='ocr_line' id='line_1_7' title="bbox 205 987 940 1085; baseline -0.001 -38"><span class='ocrx_word' id='word_1_36' title='bbox 205 1008 262 1047; x_wconf 92' lang='lat' dir='ltr'>nec</span> <span class='ocrx_word' id='word_1_37' title='bbox 276 989 369 1047; x_wconf 93' lang='lat' dir='ltr'>verbis</span> <span class='ocrx_word' id='word_1_38' title='bbox 384 997 532 1085; x_wconf 70' lang='lat' dir='ltr'>vexarqet</span> <span class='ocrx_word' id='word_1_39' title='bbox 546 987 584 1045; x_wconf 89' lang='lat' dir='ltr'>ab</span> <span class='ocrx_word' id='word_1_40' title='bbox 598 988 657 1044; x_wconf 92' lang='lat' dir='ltr'>imo</span> <span class='ocrx_word' id='word_1_41' title='bbox 674 999 802 1045; x_wconf 88' lang='lat' dir='ltr'>evertere</span> <span class='ocrx_word' id='word_1_42' title='bbox 817 1005 940 1060; x_wconf 90' lang='lat' dir='ltr'>summa,</span> 
     </span>
    </p>

    <p class='ocr_par' dir='ltr' id='par_1_6' title="bbox 205 1085 1152 1358">
     <span class='ocr_line' id='line_1_8' title="bbox 206 1085 1078 1162; baseline -0.002 -18"><span class='ocrx_word' id='word_1_43' title='bbox 206 1097 304 1145; x_wconf 92' lang='lat' dir='ltr'>cetera</span> <span class='ocrx_word' id='word_1_44' title='bbox 314 1087 352 1144; x_wconf 92' lang='lat' dir='ltr'>de</span> <span class='ocrx_word' id='word_1_45' title='bbox 363 1104 469 1162; x_wconf 84' lang='lat' dir='ltr'>genere</span> <span class='ocrx_word' id='word_1_46' title='bbox 481 1086 539 1143; x_wconf 86' lang='lat' dir='ltr'>hoc</span> <span class='ocrx_word' id='word_1_47' title='bbox 550 1086 698 1161; x_wconf 88' lang='lat' dir='ltr'>adfingere</span> <span class='ocrx_word' id='word_1_48' title='bbox 711 1096 741 1143; x_wconf 92' lang='lat' dir='ltr'>et</span> <span class='ocrx_word' id='word_1_49' title='bbox 752 1085 871 1156; x_wconf 86' lang='lat' dir='ltr'>addere,</span> <span class='ocrx_word' id='word_1_50' title='bbox 884 1087 1018 1159; x_wconf 91' lang='lat' dir='ltr'>Memmi,</span> <span class='ocrx_word' id='word_1_51' title='bbox 1050 1099 1078 1156; x_wconf 82' lang='lat'>85</span> 
     </span>
     <span class='ocr_line' id='line_1_9' title="bbox 206 1183 1152 1259; baseline -0.002 -17"><span class='ocrx_word' id='word_1_52' title='bbox 206 1184 376 1259; x_wconf 89' lang='lat' dir='ltr'>desiperest.</span> <span class='ocrx_word' id='word_1_53' title='bbox 418 1183 497 1257; x_wconf 89' lang='lat' dir='ltr'>Quid</span> <span class='ocrx_word' id='word_1_54' title='bbox 512 1184 590 1241; x_wconf 91' lang='lat' dir='ltr'>enim</span> <span class='ocrx_word' id='word_1_55' title='bbox 607 1183 804 1241; x_wconf 81' lang='lat' dir='ltr'>inmortalibus</span> <span class='ocrx_word' id='word_1_56' title='bbox 820 1193 908 1258; x_wconf 89' lang='lat' dir='ltr'>atque</span> <span class='ocrx_word' id='word_1_57' title='bbox 923 1184 1016 1244; x_wconf 88' lang='lat' dir='ltr'>beatis</span> <span class='ocrx_word' id='word_1_58' title='bbox 1090 1193 1152 1255; x_wconf 80' lang='lat'>(165)</span> 
     </span>
     <span class='ocr_line' id='line_1_10' title="bbox 205 1281 860 1358; baseline -0.003 -18"><span class='ocrx_word' id='word_1_59' title='bbox 205 1283 294 1358; x_wconf 87' lang='lat' dir='ltr'>gratia</span> <span class='ocrx_word' id='word_1_60' title='bbox 308 1291 407 1338; x_wconf 90' lang='lat' dir='ltr'>nostra</span> <span class='ocrx_word' id='word_1_61' title='bbox 420 1291 509 1355; x_wconf 90' lang='lat' dir='ltr'>queat</span> <span class='ocrx_word' id='word_1_62' title='bbox 522 1281 648 1355; x_wconf 85' lang='lat' dir='ltr'>largirier</span> <span class='ocrx_word' id='word_1_63' title='bbox 662 1282 860 1352; x_wconf 88' lang='lat' dir='ltr'>emolumenti,</span> 
     </span>
    </p>

    <p class='ocr_par' dir='ltr' id='par_1_7' title="bbox 204 1378 977 1453">
     <span class='ocr_line' id='line_1_11' title="bbox 204 1378 977 1453; baseline -0.001 -14"><span class='ocrx_word' id='word_1_64' title='bbox 204 1390 237 1439; x_wconf 91' lang='lat' dir='ltr'>ut</span> <span class='ocrx_word' id='word_1_65' title='bbox 250 1389 348 1436; x_wconf 90' lang='lat' dir='ltr'>nostra</span> <span class='ocrx_word' id='word_1_66' title='bbox 362 1379 518 1453; x_wconf 87' lang='lat' dir='ltr'>quicquam</span> <span class='ocrx_word' id='word_1_67' title='bbox 533 1397 621 1435; x_wconf 90' lang='lat' dir='ltr'>causa</span> <span class='ocrx_word' id='word_1_68' title='bbox 636 1397 734 1453; x_wconf 87' lang='lat' dir='ltr'>gerere</span> <span class='ocrx_word' id='word_1_69' title='bbox 751 1378 977 1453; x_wconf 82' lang='lat' dir='ltr'>adgrediantur?</span> 
     </span>
    </p>

    <p class='ocr_par' dir='ltr' id='par_1_8' title="bbox 204 1476 894 1552">
     <span class='ocr_line' id='line_1_12' title="bbox 204 1476 894 1552; baseline -0.001 -17"><span class='ocrx_word' id='word_1_70' title='bbox 204 1477 311 1552; x_wconf 90' lang='lat' dir='ltr'>quidve</span> <span class='ocrx_word' id='word_1_71' title='bbox 326 1476 394 1534; x_wconf 93' lang='lat' dir='ltr'>novi</span> <span class='ocrx_word' id='word_1_72' title='bbox 408 1476 503 1550; x_wconf 90' lang='lat' dir='ltr'>potuit</span> <span class='ocrx_word' id='word_1_73' title='bbox 517 1484 598 1532; x_wconf 89' lang='lat' dir='ltr'>tanto</span> <span class='ocrx_word' id='word_1_74' title='bbox 613 1486 680 1550; x_wconf 91' lang='lat' dir='ltr'>post</span> <span class='ocrx_word' id='word_1_75' title='bbox 695 1486 763 1533; x_wconf 89' lang='lat' dir='ltr'>ante</span> <span class='ocrx_word' id='word_1_76' title='bbox 780 1478 894 1552; x_wconf 90' lang='lat' dir='ltr'>quietos</span> 
     </span>
    </p>

    <p class='ocr_par' dir='ltr' id='par_1_9' title="bbox 204 1573 1079 1650">
     <span class='ocr_line' id='line_1_13' title="bbox 204 1573 1079 1650; baseline -0.002 -17"><span class='ocrx_word' id='word_1_77' title='bbox 204 1575 322 1633; x_wconf 86' lang='lat' dir='ltr'>inlicere</span> <span class='ocrx_word' id='word_1_78' title='bbox 337 1582 368 1632; x_wconf 94' lang='lat' dir='ltr'>ut</span> <span class='ocrx_word' id='word_1_79' title='bbox 382 1583 524 1649; x_wconf 90' lang='lat' dir='ltr'>cuperent</span> <span class='ocrx_word' id='word_1_80' title='bbox 537 1573 627 1631; x_wconf 87' lang='lat' dir='ltr'>vitam</span> <span class='ocrx_word' id='word_1_81' title='bbox 642 1584 751 1632; x_wconf 93' lang='lat' dir='ltr'>mutare</span> <span class='ocrx_word' id='word_1_82' title='bbox 767 1575 915 1650; x_wconf 85' lang='lat' dir='ltr'>priorem?</span> <span class='ocrx_word' id='word_1_83' title='bbox 1047 1585 1079 1631; x_wconf 83' lang='lat'>90</span> 
     </span>
    </p>
   </div>
   <div class='ocr_carea' id='block_1_3' title="bbox 202 1767 1153 3886">
    <p class='ocr_par' dir='ltr' id='par_1_10' title="bbox 202 1767 1153 3886">
     <span class='ocr_line' id='line_1_14' title="bbox 244 1767 904 1844; baseline -0.002 -17"><span class='ocrx_word' id='word_1_84' title='bbox 244 1769 303 1828; x_wconf 91' lang='lat' dir='ltr'>Sed</span> <span class='ocrx_word' id='word_1_85' title='bbox 317 1769 421 1844; x_wconf 91' lang='lat' dir='ltr'>quibus</span> <span class='ocrx_word' id='word_1_86' title='bbox 436 1769 482 1826; x_wconf 91' lang='lat' dir='ltr'>ille</span> <span class='ocrx_word' id='word_1_87' title='bbox 496 1768 592 1826; x_wconf 93' lang='lat' dir='ltr'>modis</span> <span class='ocrx_word' id='word_1_88' title='bbox 607 1769 759 1827; x_wconf 89' lang='lat' dir='ltr'>coniectus</span> <span class='ocrx_word' id='word_1_89' title='bbox 774 1767 904 1827; x_wconf 85' lang='lat' dir='ltr'>materiai</span> 
     </span>
     <span class='ocr_line' id='line_1_15' title="bbox 204 1866 945 1942; baseline 0 -18"><span class='ocrx_word' id='word_1_90' title='bbox 204 1866 329 1924; x_wconf 84' lang='lat' dir='ltr'>fundarit</span> <span class='ocrx_word' id='word_1_91' title='bbox 343 1879 447 1924; x_wconf 91' lang='lat' dir='ltr'>terram</span> <span class='ocrx_word' id='word_1_92' title='bbox 463 1876 492 1924; x_wconf 91' lang='lat' dir='ltr'>et</span> <span class='ocrx_word' id='word_1_93' title='bbox 506 1867 619 1924; x_wconf 90' lang='lat' dir='ltr'>caelum</span> <span class='ocrx_word' id='word_1_94' title='bbox 634 1868 776 1942; x_wconf 92' lang='lat' dir='ltr'>pontique</span> <span class='ocrx_word' id='word_1_95' title='bbox 791 1866 945 1942; x_wconf 83' lang='lat' dir='ltr'>profunda,</span> 
     </span>
     <span class='ocr_line' id='line_1_16' title="bbox 204 1963 789 2038; baseline -0.002 -17"><span class='ocrx_word' id='word_1_96' title='bbox 204 1964 271 2021; x_wconf 92' lang='lat' dir='ltr'>solis</span> <span class='ocrx_word' id='word_1_97' title='bbox 286 1964 363 2020; x_wconf 91' lang='lat' dir='ltr'>lunai</span> <span class='ocrx_word' id='word_1_98' title='bbox 378 1983 485 2035; x_wconf 87' lang='lat' dir='ltr'>cursus,</span> <span class='ocrx_word' id='word_1_99' title='bbox 501 1982 537 2020; x_wconf 90' lang='lat' dir='ltr'>ex</span> <span class='ocrx_word' id='word_1_100' title='bbox 552 1963 654 2022; x_wconf 87' lang='lat' dir='ltr'>ordine</span> <span class='ocrx_word' id='word_1_101' title='bbox 668 1982 789 2038; x_wconf 90' lang='lat' dir='ltr'>ponam.</span> 
     </span>
     <span class='ocr_line' id='line_1_17' title="bbox 204 2060 907 2136; baseline -0.001 -16"><span class='ocrx_word' id='word_1_102' title='bbox 204 2062 283 2120; x_wconf 88' lang='lat' dir='ltr'>Nam</span> <span class='ocrx_word' id='word_1_103' title='bbox 298 2071 375 2118; x_wconf 89' lang='lat' dir='ltr'>certe</span> <span class='ocrx_word' id='word_1_104' title='bbox 391 2079 486 2136; x_wconf 91' lang='lat' dir='ltr'>neque</span> <span class='ocrx_word' id='word_1_105' title='bbox 501 2062 623 2118; x_wconf 89' lang='lat' dir='ltr'>consilio</span> <span class='ocrx_word' id='word_1_106' title='bbox 639 2060 798 2136; x_wconf 89' lang='lat' dir='ltr'>primordia</span> <span class='ocrx_word' id='word_1_107' title='bbox 812 2079 907 2119; x_wconf 91' lang='lat' dir='ltr'>rerum</span> 
     </span>
     <span class='ocr_line' id='line_1_18' title="bbox 203 2157 1151 2233; baseline 0 -17"><span class='ocrx_word' id='word_1_108' title='bbox 203 2158 307 2216; x_wconf 91' lang='lat' dir='ltr'>ordine</span> <span class='ocrx_word' id='word_1_109' title='bbox 322 2176 353 2216; x_wconf 91' lang='lat' dir='ltr'>se</span> <span class='ocrx_word' id='word_1_110' title='bbox 368 2177 420 2216; x_wconf 93' lang='lat' dir='ltr'>suo</span> <span class='ocrx_word' id='word_1_111' title='bbox 436 2177 567 2233; x_wconf 91' lang='lat' dir='ltr'>quaeque</span> <span class='ocrx_word' id='word_1_112' title='bbox 583 2159 680 2232; x_wconf 88' lang='lat' dir='ltr'>sagaci</span> <span class='ocrx_word' id='word_1_113' title='bbox 695 2168 793 2216; x_wconf 91' lang='lat' dir='ltr'>mente</span> <span class='ocrx_word' id='word_1_114' title='bbox 807 2157 940 2216; x_wconf 88' lang='lat' dir='ltr'>locarunt</span> <span class='ocrx_word' id='word_1_115' title='bbox 1046 2178 1075 2226; x_wconf 85' lang='lat'>95</span> <span class='ocrx_word' id='word_1_116' title='bbox 1089 2165 1151 2226; x_wconf 77' lang='lat'>(420)</span> 
     </span>
     <span class='ocr_line' id='line_1_19' title="bbox 203 2255 1042 2331; baseline 0 -16"><span class='ocrx_word' id='word_1_117' title='bbox 203 2274 260 2315; x_wconf 89' lang='lat' dir='ltr'>nec</span> <span class='ocrx_word' id='word_1_118' title='bbox 275 2274 348 2331; x_wconf 93' lang='lat' dir='ltr'>quos</span> <span class='ocrx_word' id='word_1_119' title='bbox 363 2274 497 2330; x_wconf 90' lang='lat' dir='ltr'>quaeque</span> <span class='ocrx_word' id='word_1_120' title='bbox 514 2256 616 2313; x_wconf 90' lang='lat' dir='ltr'>darent</span> <span class='ocrx_word' id='word_1_121' title='bbox 630 2265 727 2313; x_wconf 91' lang='lat' dir='ltr'>motus</span> <span class='ocrx_word' id='word_1_122' title='bbox 743 2256 882 2330; x_wconf 87' lang='lat' dir='ltr'>pepigere</span> <span class='ocrx_word' id='word_1_123' title='bbox 897 2255 1042 2330; x_wconf 81' lang='lat' dir='ltr'>profecte,</span> 
     </span>
     <span class='ocr_line' id='line_1_20' title="bbox 204 2353 951 2429; baseline -0.001 -18"><span class='ocrx_word' id='word_1_124' title='bbox 204 2353 257 2411; x_wconf 88' lang='lat' dir='ltr'>sed</span> <span class='ocrx_word' id='word_1_125' title='bbox 272 2353 339 2428; x_wconf 91' lang='lat' dir='ltr'>quia</span> <span class='ocrx_word' id='word_1_126' title='bbox 354 2354 444 2411; x_wconf 88' lang='lat' dir='ltr'>multa</span> <span class='ocrx_word' id='word_1_127' title='bbox 458 2353 553 2411; x_wconf 91' lang='lat' dir='ltr'>modis</span> <span class='ocrx_word' id='word_1_128' title='bbox 570 2354 666 2411; x_wconf 90' lang='lat' dir='ltr'>multis</span> <span class='ocrx_word' id='word_1_129' title='bbox 682 2353 840 2429; x_wconf 88' lang='lat' dir='ltr'>primordia</span> <span class='ocrx_word' id='word_1_130' title='bbox 854 2371 951 2411; x_wconf 92' lang='lat' dir='ltr'>rerum</span> 
     </span>
     <span class='ocr_line' id='line_1_21' title="bbox 203 2451 812 2526; baseline 0.002 -19"><span class='ocrx_word' id='word_1_131' title='bbox 203 2469 240 2508; x_wconf 90' lang='lat' dir='ltr'>ex</span> <span class='ocrx_word' id='word_1_132' title='bbox 255 2451 366 2507; x_wconf 90' lang='lat' dir='ltr'>infinito</span> <span class='ocrx_word' id='word_1_133' title='bbox 380 2451 438 2508; x_wconf 91' lang='lat' dir='ltr'>iam</span> <span class='ocrx_word' id='word_1_134' title='bbox 452 2460 583 2525; x_wconf 91' lang='lat' dir='ltr'>tempore</span> <span class='ocrx_word' id='word_1_135' title='bbox 597 2451 711 2525; x_wconf 86' lang='lat' dir='ltr'>percita</span> <span class='ocrx_word' id='word_1_136' title='bbox 722 2451 812 2526; x_wconf 89' lang='lat' dir='ltr'>plagis</span> 
     </span>
     <span class='ocr_line' id='line_1_22' title="bbox 203 2546 918 2624; baseline 0 -19"><span class='ocrx_word' id='word_1_137' title='bbox 203 2547 440 2624; x_wconf 90' lang='lat' dir='ltr'>ponderibusque</span> <span class='ocrx_word' id='word_1_138' title='bbox 454 2548 513 2605; x_wconf 90' lang='lat' dir='ltr'>suis</span> <span class='ocrx_word' id='word_1_139' title='bbox 528 2558 707 2605; x_wconf 90' lang='lat' dir='ltr'>consuerunt</span> <span class='ocrx_word' id='word_1_140' title='bbox 722 2548 838 2605; x_wconf 88' lang='lat' dir='ltr'>concita</span> <span class='ocrx_word' id='word_1_141' title='bbox 852 2546 918 2605; x_wconf 91' lang='lat' dir='ltr'>serri</span> 
     </span>
     <span class='ocr_line' id='line_1_23' title="bbox 203 2644 1151 2720; baseline -0.005 -17"><span class='ocrx_word' id='word_1_142' title='bbox 203 2644 438 2719; x_wconf 89' lang='lat' dir='ltr'>omnimodisque</span> <span class='ocrx_word' id='word_1_143' title='bbox 453 2646 531 2703; x_wconf 92' lang='lat' dir='ltr'>coire</span> <span class='ocrx_word' id='word_1_144' title='bbox 546 2656 632 2720; x_wconf 87' lang='lat' dir='ltr'>atque</span> <span class='ocrx_word' id='word_1_145' title='bbox 647 2646 746 2703; x_wconf 90' lang='lat' dir='ltr'>omnia</span> <span class='ocrx_word' id='word_1_146' title='bbox 760 2653 956 2720; x_wconf 86' lang='lat' dir='ltr'>pertemptare</span> <span class='ocrx_word' id='word_1_147' title='bbox 1033 2662 1077 2698; x_wconf 88' lang='lat' dir='ltr'>roo</span> <span class='ocrx_word' id='word_1_148' title='bbox 1089 2652 1151 2711; x_wconf 79' lang='lat'>(425)</span> 
     </span>
     <span class='ocr_line' id='line_1_24' title="bbox 203 2743 972 2818; baseline -0.001 -19"><span class='ocrx_word' id='word_1_149' title='bbox 203 2760 407 2818; x_wconf 89' lang='lat' dir='ltr'>quaecumque</span> <span class='ocrx_word' id='word_1_150' title='bbox 423 2743 497 2800; x_wconf 91' lang='lat' dir='ltr'>inter</span> <span class='ocrx_word' id='word_1_151' title='bbox 511 2761 541 2800; x_wconf 92' lang='lat' dir='ltr'>se</span> <span class='ocrx_word' id='word_1_152' title='bbox 557 2753 678 2817; x_wconf 89' lang='lat' dir='ltr'>possent</span> <span class='ocrx_word' id='word_1_153' title='bbox 694 2761 850 2817; x_wconf 91' lang='lat' dir='ltr'>congressa</span> <span class='ocrx_word' id='word_1_154' title='bbox 863 2757 972 2814; x_wconf 85' lang='lat' dir='ltr'>creare,</span> 
     </span>
     <span class='ocr_line' id='line_1_25' title="bbox 203 2840 924 2916; baseline -0.003 -18"><span class='ocrx_word' id='word_1_155' title='bbox 203 2849 357 2916; x_wconf 89' lang='lat' dir='ltr'>propterea</span> <span class='ocrx_word' id='word_1_156' title='bbox 371 2840 403 2897; x_wconf 84' lang='lat' dir='ltr'>fit</span> <span class='ocrx_word' id='word_1_157' title='bbox 417 2840 457 2897; x_wconf 90' lang='lat' dir='ltr'>uti</span> <span class='ocrx_word' id='word_1_158' title='bbox 472 2858 608 2914; x_wconf 89' lang='lat' dir='ltr'>magnum</span> <span class='ocrx_word' id='word_1_159' title='bbox 624 2841 740 2914; x_wconf 87' lang='lat' dir='ltr'>volgata</span> <span class='ocrx_word' id='word_1_160' title='bbox 754 2857 806 2913; x_wconf 92' lang='lat' dir='ltr'>per</span> <span class='ocrx_word' id='word_1_161' title='bbox 820 2857 924 2896; x_wconf 87' lang='lat' dir='ltr'>aevom</span> 
     </span>
     <span class='ocr_line' id='line_1_26' title="bbox 203 2934 866 3012; baseline -0.002 -17"><span class='ocrx_word' id='word_1_162' title='bbox 203 2955 290 2996; x_wconf 90' lang='lat' dir='ltr'>omne</span> <span class='ocrx_word' id='word_1_163' title='bbox 304 2956 396 3012; x_wconf 91' lang='lat' dir='ltr'>genus</span> <span class='ocrx_word' id='word_1_164' title='bbox 413 2947 513 2995; x_wconf 91' lang='lat' dir='ltr'>coetus</span> <span class='ocrx_word' id='word_1_165' title='bbox 528 2945 557 2994; x_wconf 93' lang='lat' dir='ltr'>et</span> <span class='ocrx_word' id='word_1_166' title='bbox 574 2947 670 2995; x_wconf 90' lang='lat' dir='ltr'>motus</span> <span class='ocrx_word' id='word_1_167' title='bbox 685 2934 866 3012; x_wconf 86' lang='lat' dir='ltr'>experiundo</span> 
     </span>
     <span class='ocr_line' id='line_1_27' title="bbox 203 3034 946 3110; baseline -0.003 -18"><span class='ocrx_word' id='word_1_168' title='bbox 203 3034 324 3092; x_wconf 90' lang='lat' dir='ltr'>taudem</span> <span class='ocrx_word' id='word_1_169' title='bbox 338 3035 513 3092; x_wconf 88' lang='lat' dir='ltr'>conveniant</span> <span class='ocrx_word' id='word_1_170' title='bbox 528 3053 563 3092; x_wconf 94' lang='lat' dir='ltr'>ea</span> <span class='ocrx_word' id='word_1_171' title='bbox 578 3053 653 3110; x_wconf 89' lang='lat' dir='ltr'>quae</span> <span class='ocrx_word' id='word_1_172' title='bbox 669 3043 811 3092; x_wconf 88' lang='lat' dir='ltr'>convecta</span> <span class='ocrx_word' id='word_1_173' title='bbox 826 3040 946 3108; x_wconf 88' lang='lat' dir='ltr'>repente</span> 
     </span>
     <span class='ocr_line' id='line_1_28' title="bbox 203 3124 1152 3206; baseline -0.005 -18"><span class='ocrx_word' id='word_1_174' title='bbox 203 3150 372 3206; x_wconf 89' lang='lat' dir='ltr'>magnarum</span> <span class='ocrx_word' id='word_1_175' title='bbox 386 3151 481 3190; x_wconf 92' lang='lat' dir='ltr'>rerum</span> <span class='ocrx_word' id='word_1_176' title='bbox 497 3133 570 3190; x_wconf 84' lang='lat' dir='ltr'>frunt</span> <span class='ocrx_word' id='word_1_177' title='bbox 584 3133 704 3191; x_wconf 90' lang='lat' dir='ltr'>exordia</span> <span class='ocrx_word' id='word_1_178' title='bbox 718 3150 815 3206; x_wconf 86' lang='lat' dir='ltr'>saepe,</span> <span class='ocrx_word' id='word_1_179' title='bbox 1033 3138 1076 3185; x_wconf 84' lang='lat'>105</span> <span class='ocrx_word' id='word_1_180' title='bbox 1090 3124 1152 3184; x_wconf 83' lang='lat'>(430)</span> 
     </span>
     <span class='ocr_line' id='line_1_29' title="bbox 202 3229 907 3304; baseline 0 -18"><span class='ocrx_word' id='word_1_181' title='bbox 202 3229 287 3286; x_wconf 88' lang='lat' dir='ltr'>terrai</span> <span class='ocrx_word' id='word_1_182' title='bbox 300 3230 385 3286; x_wconf 91' lang='lat' dir='ltr'>maris</span> <span class='ocrx_word' id='word_1_183' title='bbox 400 3240 429 3286; x_wconf 89' lang='lat' dir='ltr'>et</span> <span class='ocrx_word' id='word_1_184' title='bbox 444 3231 516 3287; x_wconf 88' lang='lat' dir='ltr'>caeli</span> <span class='ocrx_word' id='word_1_185' title='bbox 532 3231 703 3304; x_wconf 90' lang='lat' dir='ltr'>generisque</span> <span class='ocrx_word' id='word_1_186' title='bbox 718 3231 907 3287; x_wconf 89' lang='lat' dir='ltr'>animantum.</span> 
     </span>
     <span class='ocr_line' id='line_1_30' title="bbox 244 3326 964 3400; baseline 0.001 -18"><span class='ocrx_word' id='word_1_187' title='bbox 244 3327 305 3383; x_wconf 90' lang='lat' dir='ltr'>Hic</span> <span class='ocrx_word' id='word_1_188' title='bbox 319 3344 415 3400; x_wconf 92' lang='lat' dir='ltr'>neque</span> <span class='ocrx_word' id='word_1_189' title='bbox 431 3337 491 3384; x_wconf 90' lang='lat' dir='ltr'>tum</span> <span class='ocrx_word' id='word_1_190' title='bbox 508 3328 574 3384; x_wconf 90' lang='lat' dir='ltr'>solis</span> <span class='ocrx_word' id='word_1_191' title='bbox 590 3337 653 3384; x_wconf 85' lang='lat' dir='ltr'>rota</span> <span class='ocrx_word' id='word_1_192' title='bbox 668 3327 746 3384; x_wconf 91' lang='lat' dir='ltr'>cerni</span> <span class='ocrx_word' id='word_1_193' title='bbox 762 3327 870 3383; x_wconf 90' lang='lat' dir='ltr'>lumine</span> <span class='ocrx_word' id='word_1_194' title='bbox 885 3326 964 3400; x_wconf 89' lang='lat' dir='ltr'>largo</span> 
     </span>
     <span class='ocr_line' id='line_1_31' title="bbox 203 3421 890 3497; baseline 0.001 -18"><span class='ocrx_word' id='word_1_195' title='bbox 203 3422 352 3480; x_wconf 91' lang='lat' dir='ltr'>altivolans</span> <span class='ocrx_word' id='word_1_196' title='bbox 367 3433 481 3497; x_wconf 91' lang='lat' dir='ltr'>poterat</span> <span class='ocrx_word' id='word_1_197' title='bbox 496 3441 551 3480; x_wconf 87' lang='lat' dir='ltr'>nec</span> <span class='ocrx_word' id='word_1_198' title='bbox 567 3424 663 3497; x_wconf 87' lang='lat' dir='ltr'>magni</span> <span class='ocrx_word' id='word_1_199' title='bbox 678 3423 772 3481; x_wconf 89' lang='lat' dir='ltr'>sidera</span> <span class='ocrx_word' id='word_1_200' title='bbox 787 3421 890 3480; x_wconf 92' lang='lat' dir='ltr'>mundi</span> 
     </span>
     <span class='ocr_line' id='line_1_32' title="bbox 203 3519 1031 3594; baseline 0 -18"><span class='ocrx_word' id='word_1_201' title='bbox 203 3536 259 3576; x_wconf 92' lang='lat' dir='ltr'>nec</span> <span class='ocrx_word' id='word_1_202' title='bbox 274 3538 352 3577; x_wconf 91' lang='lat' dir='ltr'>mare</span> <span class='ocrx_word' id='word_1_203' title='bbox 366 3539 423 3577; x_wconf 91' lang='lat' dir='ltr'>nec</span> <span class='ocrx_word' id='word_1_204' title='bbox 438 3521 551 3577; x_wconf 91' lang='lat' dir='ltr'>caelum</span> <span class='ocrx_word' id='word_1_205' title='bbox 568 3538 623 3577; x_wconf 89' lang='lat' dir='ltr'>nec</span> <span class='ocrx_word' id='word_1_206' title='bbox 638 3519 765 3594; x_wconf 90' lang='lat' dir='ltr'>denique</span> <span class='ocrx_word' id='word_1_207' title='bbox 781 3529 856 3577; x_wconf 89' lang='lat' dir='ltr'>terra</span> <span class='ocrx_word' id='word_1_208' title='bbox 870 3536 966 3594; x_wconf 91' lang='lat' dir='ltr'>neque</span> <span class='ocrx_word' id='word_1_209' title='bbox 981 3533 1031 3576; x_wconf 91' lang='lat' dir='ltr'>aer</span> 
     </span>
     <span class='ocr_line' id='line_1_33' title="bbox 202 3610 1153 3687; baseline -0.002 -15"><span class='ocrx_word' id='word_1_210' title='bbox 202 3633 259 3673; x_wconf 93' lang='lat' dir='ltr'>nec</span> <span class='ocrx_word' id='word_1_211' title='bbox 274 3617 372 3674; x_wconf 91' lang='lat' dir='ltr'>similis</span> <span class='ocrx_word' id='word_1_212' title='bbox 387 3618 491 3675; x_wconf 89' lang='lat' dir='ltr'>nostris</span> <span class='ocrx_word' id='word_1_213' title='bbox 505 3617 591 3674; x_wconf 90' lang='lat' dir='ltr'>rebus</span> <span class='ocrx_word' id='word_1_214' title='bbox 605 3635 650 3674; x_wconf 92' lang='lat' dir='ltr'>res</span> <span class='ocrx_word' id='word_1_215' title='bbox 665 3618 722 3674; x_wconf 93' lang='lat' dir='ltr'>ulla</span> <span class='ocrx_word' id='word_1_216' title='bbox 737 3618 836 3687; x_wconf 89' lang='lat' dir='ltr'>videri,</span> <span class='ocrx_word' id='word_1_217' title='bbox 1032 3624 1075 3658; x_wconf 88' lang='lat'>110</span> <span class='ocrx_word' id='word_1_218' title='bbox 1088 3610 1153 3671; x_wconf 82' lang='grc'>(435)</span> 
     </span>
     <span class='ocr_line' id='line_1_34' title="bbox 202 3712 960 3788; baseline -0.001 -17"><span class='ocrx_word' id='word_1_219' title='bbox 202 3712 256 3771; x_wconf 90' lang='lat' dir='ltr'>sed</span> <span class='ocrx_word' id='word_1_220' title='bbox 270 3731 346 3770; x_wconf 91' lang='lat' dir='ltr'>nova</span> <span class='ocrx_word' id='word_1_221' title='bbox 360 3722 518 3788; x_wconf 89' lang='lat' dir='ltr'>tempestas</span> <span class='ocrx_word' id='word_1_222' title='bbox 533 3712 678 3787; x_wconf 86' lang='lat' dir='ltr'>quaedam</span> <span class='ocrx_word' id='word_1_223' title='bbox 694 3715 843 3788; x_wconf 91' lang='lat' dir='ltr'>molesque</span> <span class='ocrx_word' id='word_1_224' title='bbox 860 3723 960 3772; x_wconf 91' lang='lat' dir='ltr'>coorta</span> 
     </span>
     <span class='ocr_line' id='line_1_35' title="bbox 203 3810 923 3886; baseline 0.003 -18"><span class='ocrx_word' id='word_1_225' title='bbox 203 3827 290 3868; x_wconf 90' lang='lat' dir='ltr'>omne</span> <span class='ocrx_word' id='word_1_226' title='bbox 305 3827 397 3884; x_wconf 88' lang='lat' dir='ltr'>genus</span> <span class='ocrx_word' id='word_1_227' title='bbox 412 3810 450 3868; x_wconf 91' lang='lat' dir='ltr'>de</span> <span class='ocrx_word' id='word_1_228' title='bbox 464 3811 622 3886; x_wconf 89' lang='lat' dir='ltr'>principiis,</span> <span class='ocrx_word' id='word_1_229' title='bbox 638 3810 785 3868; x_wconf 89' lang='lat' dir='ltr'>discordia</span> <span class='ocrx_word' id='word_1_230' title='bbox 798 3829 923 3886; x_wconf 90' lang='lat' dir='ltr'>quorum</span> 
     </span>
    </p>
   </div>
   <div class='ocr_carea' id='block_1_4' title="bbox 0 0 1284 4230">
    <p class='ocr_par' dir='ltr' id='par_1_11' title="bbox 0 0 1284 4230">
     <span class='ocr_line' id='line_1_36' title="bbox 0 0 1284 4230; baseline 0 1"><span class='ocrx_word' id='word_1_231' title='bbox 0 0 1284 4230; x_wconf 95' lang='lat' dir='ltr'> </span> 
     </span>
    </p>
   </div>
  </div>
 </body>
</html>
