2558 4230
423 339 528 405 Liber
548 341 701 410 Primus.
1030 364 1092 430 119

121 523 248 602 Qualiter
261 543 432 603 expressum
444 527 538 587 ventis
553 545 607 604 per
620 528 719 588 nubila
732 529 843 589 fulmen
988 540 1031 589 130

120 623 239 682 aetheris
254 624 371 700 impulsi
385 624 490 696 sonitu,
507 625 668 701 mundique
678 612 794 703 ¹fragore

120 720 244 794 emicuit,
258 722 395 797 rupitque
410 721 499 793 diem,
514 724 698 799 populosque
712 726 845 800 paventis

119 817 224 890 terruit,
239 817 359 893 obliqua
372 819 585 895 praestringens
599 820 708 878 lumina
723 821 850 896 flamma,

118 913 144 972 in
158 932 212 972 sua
225 915 336 989 templa
348 915 432 973 furit:
454 916 590 992 nullaque
605 918 682 976 exire
698 928 813 978 vetante

117 1013 243 1084 materia,
253 1031 449 1088 magnamque
459 1013 578 1086 cadens,
588 1033 783 1091 magnamque
791 1027 938 1078 revertens
986 1038 1027 1087 13⁵

119 1108 166 1168 dat
180 1119 310 1187 stragem
323 1110 390 1182 late,
405 1129 579 1186 sparsosque
592 1113 733 1188 recolligit
747 1114 837 1189 ignes.

154 1210 225 1268 Hae
241 1208 365 1269 ducibus
381 1227 501 1267 caussae
516 1209 671 1268 suberant:
694 1210 747 1268 sed
761 1213 879 1286 publica
892 1213 960 1271 belli

119 1307 238 1379 semina,
253 1325 329 1384 quae
344 1307 470 1383 populos
485 1325 602 1383 semper
615 1326 740 1366 mersere
755 1320 899 1384 potentes.

118 1405 253 1481 Namque
268 1414 301 1463 ut
314 1423 387 1481 opes
401 1404 514 1463 mundo
528 1405 631 1463 nimias
645 1406 760 1465 fortuna
773 1409 895 1467 subacto

118 1502 209 1562 intulit
223 1512 254 1562 et
267 1503 353 1562 rebus
369 1522 464 1561 mores
479 1522 593 1562 cessere
608 1503 754 1576 secundis,
985 1514 1028 1561 ¹40

117 1600 283 1677 praedaque
298 1610 327 1659 et
341 1601 459 1660 hostiles
473 1601 573 1658 luxum
588 1620 702 1659 suasere
717 1602 851 1678 rapinae:

117 1708 175 1758 nou'
190 1718 271 1771 auro,
287 1700 430 1774 tectisque
446 1697 570 1757 modus:
594 1717 767 1774 mensasque
782 1700 891 1775 priores

118 1806 269 1873 aspernata
282 1799 392 1856 sames:
416 1798 518 1867 cultus,
533 1807 645 1872 gestare
660 1796 785 1855 decoros

116 1897 160 1953 vix
173 1896 303 1968 nuribus,
318 1913 440 1971 rapuere
455 1913 566 1953 mares:
589 1893 715 1952 secunda
729 1895 855 1952 virorum

117 2004 269 2071 paupertas
283 1995 407 2070 sugitur,
429 2002 551 2068 totoque
565 1993 722 2050 accersitur
736 1992 816 2064 orbe,
984 2001 1025 2050 145

117 2111 173 2167 quo
187 2111 260 2169 gens
277 2110 411 2168 quaeque
426 2092 508 2167 perit.
550 2092 627 2148 Turn
642 2091 744 2164 longos
759 2089 876 2164 iungere
891 2090 964 2148 fines

117 2209 258 2266 agrorum,
274 2200 303 2249 et
318 2189 469 2265 quondam
484 2188 557 2246 duro
572 2189 683 2245 sulcata
697 2187 811 2246 Camilli

116 2306 241 2360 vomere,
256 2297 286 2346 et
301 2288 435 2364 antiquos
450 2286 603 2345 Curiorum
618 2304 703 2360 passa
717 2285 828 2359 ligones

115 2385 200 2461 longa
212 2385 268 2445 sub
282 2385 387 2461 ignotis
402 2383 559 2442 extendere
574 2402 639 2440 rura
652 2383 773 2441 colonis.

117 2482 184 2541 Non
198 2492 259 2541 erat
273 2483 296 2541 is
310 2483 445 2557 populus,
460 2499 549 2556 quern
564 2498 622 2555 pax
636 2480 788 2553 tranquilla
802 2479 921 2554 iuvaret,
982 2489 1026 2537 150

116 2599 202 2656 quem
217 2599 270 2639 sua
284 2581 399 2638 libertas
414 2579 542 2636 immotis
557 2588 690 2653 pasceret
705 2578 799 2636 armis.

116 2677 188 2735 Inde
203 2679 262 2736 irae
277 2678 395 2749 faciles3
417 2687 455 2747 et,
471 2675 552 2751 quod
567 2676 703 2733 suasisset
717 2685 839 2750 egestas,

114 2775 166 2833 vile
181 2776 283 2848 nefas;
305 2793 501 2850 magnumque
517 2773 618 2845 decus,
634 2772 767 2847 ferroque
782 2772 954 2848 petendum,

114 2872 176 2947 plus
190 2873 283 2948 patria
296 2874 424 2948 potuisse
439 2892 510 2943 sua;
532 2888 724 2944 mensuraque
740 2871 808 2930 iuris

113 2971 152 3029 vis
166 2980 246 3029 erat:
269 2971 337 3029 hinc
352 2972 431 3046 leges
446 2983 474 3028 et
490 2970 641 3045 plebiscita
655 2978 785 3040 coactae,
982 2978 1023 3025 155

114 3078 224 3127 etcum
238 3069 404 3128 consulibus
420 3070 567 3127 turbantes
583 3068 643 3124 iura
654 3067 778 3125 tribuni:

114 3166 179 3224 hinc
194 3168 268 3243 rapti
282 3168 376 3225 fasces
391 3168 493 3244 pretio,
509 3177 663 3240 sectorque
678 3166 781 3223 favoris

114 3265 172 3340 ipse
187 3267 231 3325 sui
246 3268 391 3342 populus,
413 3267 563 3340 letalisque
578 3265 703 3323 ambitus
718 3265 790 3337 urbi,

113 3381 207 3422 annua
220 3365 314 3423 venali
328 3366 454 3422 referens
470 3365 628 3422 certamina
642 3364 775 3438 Campo:

113 3459 179 3520 hinc
194 3481 280 3522 usura
293 3482 390 3534 vorax,
406 3463 581 3537 avidumque
597 3463 625 3520 in
641 3473 774 3537 tempora
787 3462 898 3536 faenus,
981 3459 1023 3506 ¹⁶⁰

113 3567 140 3616 et
153 3578 298 3619 concussa
311 3560 394 3631 fides,
410 3571 438 3618 et
453 3560 549 3618 multis
564 3561 632 3618 utile
646 3561 764 3619 bellum.

151 3657 215 3716 Iam
228 3657 339 3734 gelidas
353 3659 461 3718 Caesar
475 3675 560 3715 cursu
575 3667 759 3732 superaverat
773 3657 871 3734 Alpes,

113 3751 300 3831 ingentesque
315 3755 413 3813 animo
429 3764 535 3821 motus,
551 3755 718 3829 bellumque
733 3755 861 3813 futurum

112 3861 232 3925 ceperat.
265 3852 304 3912 Ut
314 3862 432 3913 ventum
443 3863 489 3915 est
499 3854 582 3935 parvi
592 3854 763 3918 Rubiconis
774 3852 936 3930 autunum,
