2558 4230
455 312 627 396 Propertii
648 314 796 398 Elegiae.

222 508 324 576 terque
337 499 414 558 lavet
427 508 540 558 nostras
555 499 639 575 spica
653 500 756 559 Cilissa
770 517 880 558 comas.
917 559 919 562 Α

184 597 236 656 Ille
251 597 407 672 paludosos
423 607 566 655 memoret
581 598 685 655 servire
701 597 875 668 Sicambros,
1072 605 1102 652 75

224 694 374 769 Cepheam
390 694 438 752 hic
453 696 578 752 Meroen
592 695 732 769 fuscaque
746 713 836 769 regna
849 702 945 764 canat,

183 791 231 849 hic
244 792 348 849 reserat
363 809 427 849 sero
443 792 609 849 consessum
625 791 744 849 foedere
760 791 917 850 Parthum:

224 887 346 946 ‘reddat
360 889 442 963 signa
456 889 553 959 Remi,
568 907 639 946 mox
653 889 734 947 dabit
749 889 811 964 ipse
826 907 898 948 sua:
1107 888 1156 945 (80)

183 985 243 1044 sive
258 985 367 1060 aliquid
381 986 522 1060 pharetris
537 988 683 1060 Augustus
698 995 798 1061 parcet
814 986 894 1058 Eois,

224 1081 337 1140 diflerat
352 1082 381 1140 in
396 1101 501 1158 pueros
516 1083 571 1140 ista
584 1093 705 1158 tropaea
718 1102 797 1142 suos.
1072 1084 1102 1128 ⁸0

184 1179 300 1250 Gaude,
316 1181 429 1251 Crasse,
445 1181 539 1255 nigras
554 1181 578 1238 si
593 1179 664 1255 quid
679 1180 756 1255 sapis
771 1181 845 1238 inter
859 1179 1002 1241 harenas:

225 1277 265 1335 ire
280 1295 333 1352 per
348 1277 517 1351 Euphraten
532 1277 570 1336 ad
585 1287 635 1335 tua
649 1278 734 1336 busta
748 1279 837 1336 licet!

185 1375 232 1434 Sic
247 1384 366 1432 noctem
380 1386 489 1449 patera,
505 1376 547 1432 sic
562 1373 671 1433 ducam
685 1375 825 1448 carmine,
840 1374 939 1434 donec
1108 1374 1157 1433 (85)

224 1471 324 1530 iniciat
337 1470 434 1530 radios
448 1472 479 1530 in
493 1490 560 1532 mea
572 1473 640 1530 vina
653 1472 727 1532 dies.

504 1717 585 1773 XVI.
632 1715 675 1792 (v.
693 1713 756 1792 11·l

186 1864 306 1936 Desine,
322 1863 428 1936 Paulle,
443 1882 542 1922 meum
556 1864 681 1922 lacrimis
696 1883 798 1940 urgere
813 1865 998 1941 sepulcrum:

225 1961 363 2036 panditur
376 1960 414 2018 ad
429 1962 520 2018 nullas
535 1962 622 2018 ianua
636 1961 717 2036 nigra
731 1980 845 2037 preces.

186 2058 263 2117 Cum
277 2058 368 2115 semel
382 2058 506 2115 infernas
521 2059 661 2116 intrarunt
675 2060 776 2117 funera
789 2060 878 2136 leges,

226 2174 287 2213 non
301 2165 421 2213 exorato
436 2165 512 2213 stant
527 2155 682 2214 adamante
697 2157 771 2216 viae.

185 2254 229 2311 Te
244 2253 311 2310 licet
325 2262 457 2310 orantem
472 2254 570 2310 fuscae
586 2253 659 2311 deus
673 2255 773 2312 audiat
787 2254 889 2313 aulae:
1088 2265 1103 2313 5

226 2367 334 2424 nempe
349 2361 412 2407 tuas
426 2350 558 2408 lacrimas
573 2351 657 2409 litora
670 2351 759 2409 surda
771 2352 883 2410 bibent.

185 2446 263 2504 Vota
277 2457 396 2505 movent
410 2465 545 2522 superos:
568 2448 618 2506 ubi
632 2450 755 2524 portitor
768 2467 835 2508 aera
848 2448 971 2526 recepit,

225 2545 341 2602 obserat
356 2543 495 2602 herbosos
510 2543 604 2602 lurida
617 2555 702 2621 porta
715 2565 812 2622 rogos.

186 2640 233 2701 Sic
248 2650 375 2699 maestae
390 2642 525 2700 cecinere
541 2643 638 2713 tubae,
654 2662 722 2701 cum
736 2642 854 2702 subdita
867 2653 1001 2703 nostrum

227 2738 391 2797 detraheret
405 2740 483 2798 lecto
497 2740 544 2797 fax
559 2741 678 2798 inimica
692 2750 789 2817 caput.
1042 2800 1045 2806 ,
1076 2753 1104 2786 10
1140 2800 1145 2810 ,

187 2836 268 2911 Quid
283 2836 353 2894 mihi
369 2838 538 2912 coniugium
555 2839 654 2908 Paulli,
671 2838 742 2912 quid
757 2857 856 2896 currus
870 2857 992 2899 avorum

62 2999 76 3009 ἢ
161 2994 164 3000 ,
226 2935 333 3009 profuit
346 2945 396 2992 aut
409 2935 503 2992 famae
520 2936 642 3010 pignora
658 2946 739 2993 tanta
752 2937 857 2994 meae?

186 3031 268 3090 Num
282 3031 377 3089 minus
392 3032 507 3090 inmites
523 3032 611 3091 habui
626 3034 762 3091 Cornelia
777 3034 902 3091 Parcas?

227 3146 266 3185 en
280 3147 354 3199 sum,
369 3127 450 3202 quod
465 3129 562 3204 digitis
577 3132 706 3205 quinque
722 3131 839 3200 levatur,
855 3149 940 3190 onus.

187 3227 351 3284 Damnatae
366 3236 469 3284 noctes
484 3236 513 3284 et
527 3245 579 3284 vos
592 3227 669 3284 vada
682 3228 760 3284 lenta
773 3227 904 3303 paludes,
1075 3237 1102 3285 ι5

227 3332 257 3382 et
271 3341 474 3399 quaecumque
491 3341 573 3382 meos
589 3324 709 3399 inplicat
722 3324 803 3382 unda
817 3323 919 3399 pedes,

185 3419 330 3479 inmatura
343 3420 420 3491 licet,
435 3431 534 3478 tamen
549 3420 607 3478 huc
621 3440 682 3479 non
696 3422 784 3479 noxia
796 3422 882 3479 veni:

227 3516 279 3576 det
291 3526 374 3592 pater
388 3517 436 3575 hic
450 3518 569 3575 umbrae
584 3519 682 3576 mollia
696 3518 757 3576 iura
771 3535 864 3577 meae.

186 3615 245 3674 Aut
259 3614 284 3672 si
298 3614 361 3689 quis
376 3614 471 3688 posita
485 3613 573 3671 iudex
586 3616 671 3673 sedet
684 3618 798 3674 Aeacus
812 3633 894 3689 urna,

227 3711 258 3769 in
272 3729 339 3769 mea
352 3712 453 3770 sortita
466 3711 596 3768 vindicet
610 3730 676 3770 ossa
690 3713 766 3788 pila:

187 3807 342 3869 adsideant
355 3809 464 3882 fratres,
479 3809 558 3869 iuxta
573 3809 710 3868 Minoida
722 3810 822 3869 sellam
