2558 4230
448 321 502 385 De
523 320 651 385 Rerum
674 315 816 382 Natura.

206 501 340 562 fluctibus
355 520 372 561 e
386 504 472 562 tantis
485 504 574 562 vitam
589 503 733 578 tantisque
748 500 875 560 tenebris

204 600 235 658 iu
249 609 310 658 tam
323 601 476 677 tranquillo
491 611 521 659 et
534 610 594 660 tam
609 602 686 658 clara
699 600 764 658 luce
778 598 893 657 locavit.

244 797 284 853 At
297 795 351 854 nisi
366 806 546 872 purgatumst
559 805 671 872 pectus,
686 813 761 871 quae
777 793 886 870 proelia
898 792 986 853 nobis

206 901 293 967 atque
308 893 436 968 pericula
449 903 539 952 tumst
553 894 669 969 ingratis
684 891 910 950 insinuandum!

205 1000 331 1065 quantae
343 1000 405 1048 tum
416 991 552 1049 scindunt
564 992 714 1049 hominem
729 988 904 1064 cuppedinis
918 1005 1001 1048 acres

204 1088 359 1146 sollicitum
375 1108 460 1146 curae
475 1090 634 1165 quantique
649 1087 770 1164 perinde
785 1088 923 1144 timores!

205 1184 313 1259 quidve
328 1187 463 1260 superbia
477 1187 614 1260 spurcitia
628 1204 663 1242 ac
679 1184 858 1260 petulantia?
877 1192 1002 1259 quantas

205 1281 335 1339 efficiunt
350 1282 468 1341 clades!
490 1283 560 1357 quid
575 1284 657 1340 luxus
672 1280 882 1355 desidiaeque?

205 1377 280 1436 haec
294 1380 379 1455 igitur
393 1381 442 1454 qui
456 1390 562 1437 cuncta
576 1379 722 1453 subegerit
735 1395 772 1435 ex
787 1378 944 1452 animoque

204 1478 346 1552 expulerit
361 1476 454 1548 dictis,
470 1495 530 1535 non
545 1477 639 1546 armis,
654 1493 755 1533 nonne
769 1474 887 1532 decebit

205 1572 285 1631 hunc
300 1575 449 1632 hominem
464 1592 584 1632 numero
601 1573 700 1630 divom
715 1572 860 1646 dignarier
873 1573 960 1631 esse?

205 1689 273 1729 cum
288 1673 363 1730 bene
378 1673 547 1747 praesertim
561 1674 651 1730 multa
665 1689 700 1727 ac
715 1669 851 1727 divinitus
865 1670 935 1745 ipsis

203 1768 407 1827 immortalibu’
423 1769 460 1827 de
476 1769 549 1828 divis
563 1769 633 1827 dare
649 1769 728 1827 dicta
741 1768 830 1826 suerit

204 1874 291 1939 atque
307 1885 426 1923 omnem
440 1885 536 1924 rerum
550 1878 681 1924 naturam
696 1865 826 1940 pandere
841 1865 936 1925 dictis.

245 1963 335 2020 Cuius
349 1981 405 2037 ego
420 1963 562 2038 ingressus
577 1964 697 2037 vestigia
712 1963 782 2020 dum
796 1963 922 2020 rationes

203 2077 364 2135 persequor
377 2078 412 2116 ac
428 2059 524 2118 doceo
539 2060 632 2131 dictis
649 2079 707 2135 quo
722 2078 855 2135 quaeque
871 2068 969 2117 creata

204 2157 323 2215 foedere
339 2159 404 2229 sint,
419 2159 501 2217 ineo
516 2178 603 2234 quarn
618 2160 653 2216 sit
668 2158 771 2216 durare
785 2178 941 2218 necessum

204 2273 262 2312 nec
276 2255 384 2314 validas
398 2257 512 2314 valeant
527 2259 590 2314 aevi
605 2257 769 2315 rescindere
784 2258 872 2333 legeS,

205 2370 264 2427 quo
278 2371 385 2427 genere
400 2353 429 2411 in
444 2355 542 2429 primis
557 2355 645 2411 animi
660 2364 762 2412 natura
775 2365 889 2429 reperta
903 2363 947 2413 est

203 2452 301 2508 nativo
316 2452 441 2526 primurn
456 2452 614 2509 consistere
630 2470 750 2526 corpore
766 2462 845 2510 creta

205 2567 261 2607 nec
276 2567 363 2624 posse
379 2550 531 2608 incolumis
546 2569 684 2624 magnum
699 2549 802 2608 durare
816 2567 869 2624 per
881 2566 996 2622 aevom,

203 2645 256 2704 sed
272 2646 423 2703 simulacra
437 2648 528 2705 solere
543 2649 572 2704 in
587 2648 697 2705 somnis
711 2648 807 2704 fallere
822 2656 962 2719 mentem,

205 2759 324 2799 cernere
340 2761 407 2800 cum
421 2742 572 2800 videamur
585 2762 653 2802 eum
668 2762 756 2818 quem
769 2744 827 2800 vita
840 2743 964 2817 reliquit,

203 2838 285 2914 quod
300 2848 439 2914 superest,
454 2858 533 2897 nunc
548 2840 605 2898 huc
619 2841 737 2898 rationis
752 2840 855 2898 detulit
868 2840 951 2914 ordo,

203 2946 236 2994 ut
250 2937 320 2995 mihi
334 2937 446 2996 mortali
463 2938 621 2994 consistere
636 2955 759 3012 corpore
773 2937 918 2996 mundum

202 3035 389 3109 nativomque
404 3035 488 3094 simul
501 3036 574 3092 ratio
588 3034 743 3093 reddunda
756 3036 793 3093 sit
806 3053 869 3093 esse
880 3056 890 3108 3

204 3140 235 3187 et
249 3131 352 3204 quibus
367 3132 413 3188 ille
428 3131 524 3190 modis
539 3150 711 3207 congressus
725 3133 855 3190 materiai

204 3226 330 3285 fundarit
343 3237 447 3285 terram
463 3230 576 3286 caelum
589 3247 669 3287 mare
684 3229 780 3288 sidera
794 3230 887 3288 solem

204 3323 339 3398 lunaique
354 3324 492 3398 globum3
515 3334 577 3382 tum
591 3343 666 3400 quae
681 3328 781 3385 tellure
796 3329 958 3386 animantes

204 3421 359 3492 extiterint,
375 3431 404 3479 et
418 3439 493 3496 quae
507 3422 587 3479 nullo
602 3423 659 3480 sint
673 3432 806 3498 tempore
820 3436 905 3482 natae
917 3445 925 3497 ;

204 3535 300 3592 quove
316 3518 407 3576 modo
421 3537 513 3594 genus
528 3519 687 3577 humanum
700 3523 828 3580 variante
843 3522 969 3597 loquella

204 3616 336 3691 coeperit
349 3616 423 3673 inter
437 3634 468 3674 se
483 3617 561 3674 vesci
576 3635 629 3690 per
643 3619 762 3676 nomina
776 3637 891 3690 rerum3

204 3723 234 3771 et
249 3714 353 3788 quibus
368 3713 414 3770 ille
429 3713 525 3771 modis
541 3713 640 3772 divom
654 3725 749 3773 metus
765 3717 913 3775 insinuarit

204 3819 333 3885 pectora,
348 3819 486 3868 terrarum
501 3811 551 3886 qui
565 3811 595 3868 in
609 3811 672 3870 orbi
687 3821 788 3871 sancta
801 3823 897 3872 tuetur
