2558 4230
110 834 150 909 M.
185 832 409 908 ΑΝΝΑΕΙ
453 829 666 904 LUCANI
712 826 1048 902 PHARSALIA.

503 1047 643 1075 -οοο-

438 1211 546 1261 LIBER
569 1208 709 1260 PRIMUS.

197 1377 305 1437 ELLA
318 1393 372 1452 per
386 1374 538 1434 Emathios
553 1375 618 1449 plus
633 1392 722 1450 quam
738 1373 832 1432 civilia
845 1390 982 1448 campos·

231 1476 335 1549 iusque
346 1473 448 1532 datum
462 1472 565 1531 sceleri
580 1473 722 1541 canimus,
734 1472 935 1546 populumque
948 1476 1100 1546 potentem

133 1573 156 1631 in
170 1592 222 1632 sua
234 1571 347 1630 victrici
361 1588 534 1629 conversum
550 1570 661 1627 viscera
675 1567 786 1639 dextra,

134 1679 326 1746 cognatasque
341 1668 428 1739 acies,
444 1677 474 1725 et
489 1676 575 1742 rupto
590 1664 711 1724 foedere
726 1666 808 1742 regni

134 1778 271 1826 certatum
285 1767 353 1825 totis
367 1766 503 1823 concussi
518 1765 625 1822 viribus
640 1764 718 1822 orbis

134 1865 331 1924 incommune
346 1864 436 1934 nefas,
452 1863 621 1936 infestisque
638 1862 725 1919 obvia
741 1862 829 1937 signis

135 1963 218 2038 signa,
233 1980 320 2037 pares
333 1961 453 2036 aquilas,
469 1971 498 2018 et
513 1960 572 2035 pila
586 1960 726 2017 minantia
740 1960 813 2035 pilis.

169 2060 242 2135 Quis
257 2060 344 2130 furor,
358 2077 377 2117 o
392 2059 479 2128 civeS,
495 2076 570 2132 quae
585 2067 667 2114 tanta
680 2057 796 2115 licentia
810 2057 885 2130 ferri,

135 2159 263 2233 gentibus
278 2157 375 2215 invisis
391 2157 506 2214 Latium
521 2156 661 2231 praebere
678 2157 832 2213 cruorem?

136 2255 289 2330 Quumque
304 2255 431 2330 superba
444 2255 518 2312 foret
534 2253 664 2329 Babylon
680 2252 833 2327 spolianda
846 2250 992 2329 trophaeis
1014 2270 1044 2305 ιο

136 2353 275 2422 Ausoniis,
290 2352 452 2427 umbraque
467 2361 573 2409 erraret
587 2352 707 2410 Crassus
723 2351 822 2421 inulta,

136 2447 206 2506 bella
219 2450 280 2525 geri
294 2449 403 2524 placuit
416 2450 510 2507 nullos
524 2449 657 2507 habitura
671 2448 854 2523 triumphos?

137 2546 202 2605 Heu
216 2556 359 2622 quantum
374 2556 466 2604 terrae
480 2549 576 2622 potuit
591 2546 745 2622 pelagique
760 2545 854 2620 parari

136 2642 198 2715 hoc,
213 2662 304 2719 quem
318 2644 416 2702 civiles
431 2644 596 2716 hauserunt,
613 2644 763 2719 sanguine,
779 2642 908 2716 dextrae,

136 2740 209 2800 unde
223 2742 305 2800 venit
317 2742 414 2813 Titan,
429 2752 459 2800 et
472 2761 532 2800 nox
545 2743 595 2801 ubi
610 2741 706 2799 sidera
720 2740 832 2812 condit,
1018 2745 1046 2795 15

136 2855 247 2914 quaque
262 2838 326 2897 dies
340 2838 455 2897 medius
470 2840 654 2914 flagrantibus
669 2849 783 2897 aestuat
797 2838 884 2911 horis,

137 2946 163 2994 et
176 2955 234 3012 qua
247 2937 359 3007 bruma,
373 2937 469 3011 rigens
483 2955 519 2994 ac
533 2938 633 2995 nescia
647 2956 713 2995 vere
728 2936 843 3008 remitti,

136 3033 284 3109 adstringit
297 3033 433 3108 Scythico
448 3034 598 3109 glacialem
613 3035 718 3110 frigore
732 3043 856 3110 pontum
869 3036 876 3092 l

137 3129 191 3190 Sub
205 3131 273 3205 iuga
286 3131 343 3188 iam
358 3131 450 3202 Seres,
467 3133 525 3189 iam
540 3133 677 3191 barbams
693 3134 761 3191 isset
775 3135 894 3205 Araxes,

137 3238 163 3285 et
175 3245 247 3302 gens
261 3228 285 3286 si
300 3246 358 3303 qua
371 3228 448 3287 iacet
463 3231 595 3289 nascenti
611 3231 730 3288 conscia
745 3230 823 3289 Nilo.
1017 3240 1047 3272 ²0

136 3324 228 3398 Tunc,
242 3325 267 3383 si
280 3335 377 3384 tantus
391 3347 474 3386 amor
487 3329 554 3387 belli
569 3328 630 3398 tibi,
647 3321 753 3397 Roma,
768 3327 896 3398 nefandi,

136 3430 226 3481 totum
241 3423 295 3482 sub
311 3424 408 3483 Latias
422 3425 501 3500 leges
517 3444 607 3500 quum
622 3425 732 3483 miseris
747 3425 858 3495 orbem,

136 3517 204 3578 inte
218 3529 298 3579 verte
313 3540 435 3580 manus:
457 3521 590 3581 nondum
605 3522 656 3580 tibi
671 3522 763 3580 defuit
777 3521 877 3580 hostis.

137 3616 172 3674 At
184 3635 263 3675 nunc
278 3619 422 3678 semirutis
437 3619 569 3695 pendent
584 3618 666 3694 quod
680 3619 798 3677 moenia
812 3616 896 3677 tectis

137 3713 253 3772 urbibus
269 3715 378 3788 Italiae,
393 3716 538 3791 lapsisque
554 3717 683 3792 ingentia
698 3716 785 3775 muris
1016 3721 1047 3772 ²5

138 3825 203 3870 saxa
214 3812 318 3886 iacent,
333 3813 472 3890 nulloque
486 3813 594 3876 domus
609 3813 737 3877 custode
750 3823 902 3890 tenentur,

794 3943 847 4001 ¹¹5
