2558 4230
110 371 171 434 104
463 354 505 421 P.
533 354 676 419 Ovidius
697 355 795 419 Naso.

226 539 341 616 inponit
354 540 445 599 libum
459 540 591 616 farraque
605 539 696 598 mixta
709 539 777 611 sale,

186 639 308 695 nomina
321 638 437 696 ridebis.
480 637 575 697 Modo
589 655 716 713 namque
732 636 877 696 Patulcius
890 634 972 696 idem

227 745 257 793 et
271 736 362 794 modo
376 735 508 794 sacrifico
523 736 636 794 Clusius
651 753 701 793 ore
715 753 814 794 vocor.
1058 743 1100 792 1³0

187 832 304 891 Scilicet
318 833 429 890 alterno
443 833 533 891 voluit
546 832 626 891 rudis
640 832 688 890 illa
700 841 827 890 vetustas

227 930 347 988 nomine
362 929 489 987 diversas
503 929 665 1005 significare
679 931 768 988 vices.

186 1028 238 1085 Vis
253 1046 320 1085 mea
334 1037 447 1084 narrata
461 1035 514 1085 est.
556 1027 683 1085 Causam
697 1046 776 1085 nunc
791 1025 872 1085 disce
886 1027 1015 1104 figurae:

227 1125 285 1182 iarn
300 1135 399 1182 tamen
413 1124 489 1181 hanc
503 1125 599 1200 aliqua
612 1135 643 1182 tu
657 1142 775 1200 quoque
789 1135 870 1200 parte
884 1125 976 1185 vides.
1092 1109 1094 1113 ⁵

188 1221 292 1282 Omnis
306 1222 394 1279 habet
408 1223 548 1297 geminas,
561 1222 629 1279 hinc
642 1232 731 1297 atque
745 1223 822 1294 hinc,
834 1222 920 1280 ianua
930 1223 1041 1297 frontis,
1060 1237 1100 1286 135

228 1338 244 1377 e
259 1320 363 1394 quibus
379 1320 453 1377 haec
467 1320 609 1395 populum
623 1329 744 1395 spectat,
759 1329 789 1377 at
803 1320 849 1377 illa
863 1319 962 1379 larem.

187 1419 287 1491 thue
302 1417 408 1475 sedens
423 1418 509 1492 primi
522 1429 618 1475 vester
631 1435 724 1493 prope
738 1417 838 1475 limina
851 1417 923 1476 tecti

228 1515 334 1572 ianitor
347 1533 478 1589 egressus
493 1515 684 1590 introitusque
698 1515 787 1587 videt,

189 1612 231 1670 sic
247 1630 302 1687 ego
317 1613 463 1687 perspicio
478 1612 610 1671 caelestis
625 1613 729 1670 ianitor
742 1612 825 1669 aulae

232 1710 310 1767 ans
324 1719 420 1785 partes
437 1710 656 1786 Hesperiasque
671 1708 765 1768 simul.

612 2248 665 2305 1v.

498 2423 596 2473 FASTI
614 2424 651 2472 11.
688 2434 775 2500 19-54.

190 2589 314 2647 Faanun
329 2588 455 2645 Romani
472 2587 570 2645 dixere
586 2587 715 2662 piamina
728 2596 833 2661 patres.

231 2686 318 2742 Nunc
333 2702 451 2760 quoque
467 2684 537 2741 dant
551 2685 641 2741 verbo
656 2684 778 2758 plurima
793 2684 874 2757 signa
888 2682 989 2741 fidem.

190 2781 347 2838 Pontifices
362 2782 400 2838 ab
414 2798 481 2855 rege
496 2790 600 2855 petunt
615 2791 644 2837 et
659 2780 775 2837 flamine
792 2780 882 2851 lanas,

229 2878 294 2952 quis
309 2887 439 2936 veterum
453 2878 551 2952 lingua
565 2879 666 2935 februa
679 2895 789 2934 nomen
804 2885 874 2933 erat.

190 2974 333 3049 Quaeque
348 2975 427 3049 capit
441 2975 525 3031 lictor
540 2974 675 3032 domibus
690 2973 862 3048 purgamina
877 2971 973 3043 certis,
1093 2983 1110 3030 5

229 3071 337 3129 torrida
350 3090 418 3129 cum
434 3073 511 3129 mica
525 3073 606 3142 farra,
622 3081 764 3128 vocantur
778 3069 867 3127 idem.

189 3168 310 3226 Nomen
325 3167 404 3226 idem
418 3187 509 3240 ram0‚
525 3170 575 3243 qui
590 3187 692 3225 caesus
708 3168 745 3224 ab
760 3167 861 3225 arbore
876 3184 950 3241 pura

229 3274 309 3322 casta
323 3265 507 3323 sacerdotum
522 3275 655 3340 tempora
669 3264 772 3322 fronde
788 3264 867 3338 tegit.

188 3363 257 3436 Ipse
272 3379 329 3437 ego
343 3360 517 3420 flaminicam
532 3372 705 3437 poscentem
720 3362 819 3419 februa
832 3360 911 3420 vidi:

228 3458 330 3516 februa
343 3459 476 3532 poscenti
491 3460 578 3533 pinea
590 3460 670 3533 virga
684 3458 752 3515 data
766 3467 819 3516 est.
1080 3467 1109 3501 10

188 3555 325 3630 Denique
340 3553 548 3629 quodcumque
564 3566 616 3627 est,
632 3574 692 3631 quo
707 3573 831 3630 corpora
845 3564 946 3613 nostra
959 3554 1078 3630 piantur

228 3651 286 3709 hoc
300 3650 380 3725 apud
394 3652 525 3709 intonsos
541 3671 649 3710 nomen
664 3652 791 3710 habebat
806 3671 885 3709 avos,

188 3746 301 3808 Mensis
315 3747 353 3804 ab
363 3746 411 3804 iris
426 3746 529 3817 dictus,
545 3759 624 3806 secta
638 3749 707 3824 quia
720 3749 795 3823 pelle
809 3747 921 3823 luperci

225 3860 315 3904 omne
328 3843 423 3903 solum
437 3843 568 3920 lustrant,
582 3845 673 3923 idque
688 3846 809 3922 piamen
819 3845 952 3902 habenta
