2558 4230
484 309 590 374 Liber
609 309 740 375 Sextus.

166 495 279 572 Elysias
293 496 340 555 alii
353 495 450 569 sedes,
465 515 502 555 ac
515 497 636 555 Tartara
649 504 764 554 moesta
831 490 835 495 ’

166 592 273 652 diversi
287 595 397 670 liquere
412 593 522 652 duces:
545 593 618 669 quid
632 594 690 651 sata
704 602 848 670 pararent,

165 689 198 749 hi
212 691 308 749 secere
322 692 428 767 palam.
469 691 570 749 Tristis
585 691 718 749 felicibus
732 691 841 750 umbris
1058 698 1085 734 ¹0

165 788 262 846 vultus
276 799 345 847 erat.
386 788 457 847 Vidi
472 789 591 859 Decios,
607 798 778 863 natumque,
793 797 976 864 patremque,

166 884 298 944 lustrales
312 886 395 944 bellis
410 886 531 957 animas,
546 886 726 961 flentemque
742 885 907 956 Camillum,

167 992 198 1041 et
213 982 336 1055 Curios,
357 983 466 1042 Sullam
480 982 518 1042 de
533 993 571 1054 te,
588 984 725 1054 Fortuna,
741 992 924 1057 querentem.

167 1080 312 1156 Deplorat
326 1080 444 1156 Libycis
458 1081 615 1157 perituram
630 1081 729 1154 Scipio
744 1081 824 1138 terris

168 1177 325 1236 infaustam
338 1177 481 1237 sobolem.
524 1179 620 1236 Maior
637 1177 819 1252 Carthaginis
835 1177 935 1249 hostis,

167 1293 232 1333 non
245 1276 374 1333 servituri
390 1284 501 1333 moeret
516 1274 592 1334 Cato
608 1276 668 1333 sata
681 1276 805 1350 nepotis

168 1371 272 1431 Solum
286 1381 324 1443 te,
340 1372 444 1430 consul
459 1370 587 1447 depulsis
603 1372 696 1447 prime
711 1372 839 1448 tyrannis

169 1471 269 1541 Brute,
279 1470 341 1545 pias
357 1470 433 1527 inter
447 1468 625 1545 gaudentem
639 1469 764 1527 vidimus
778 1471 905 1529 umbras.

169 1566 309 1642 Abruptis
323 1567 449 1626 Catilina
464 1567 572 1639 minax,
587 1567 741 1642 fractisque
756 1569 866 1625 catenis

171 1665 304 1736 exsultat,
321 1665 464 1739 Mariique
481 1674 587 1736 truces,
602 1664 733 1739 nudique
749 1665 881 1740 Cethegi.

170 1761 243 1819 Vidi
257 1779 312 1837 ego
327 1762 477 1833 laetantes,
493 1763 645 1838 popularia
658 1762 786 1832 nomina,
803 1764 934 1835 Drusos3

172 1859 286 1935 legibus
300 1859 486 1933 immodicos
503 1879 647 1937 ausosque
662 1860 792 1935 ingentia
806 1859 967 1918 Gracchos.

173 1958 307 2016 Aeternis
322 1958 479 2034 chalybum
494 1958 590 2029 nodis,
605 1968 634 2016 et
649 1975 766 2015 carcere
782 1957 857 2015 Ditis

174 2056 350 2114 constrictae
365 2057 496 2133 plausere
511 2074 623 2125 manus,
639 2072 819 2130 camposque
833 2055 950 2129 piorum

174 2156 272 2232 poscit
285 2156 368 2214 turba
383 2173 503 2213 nocens.
547 2154 643 2228 Regni
657 2171 808 2227 possessor
821 2152 920 2211 inertis

174 2254 317 2330 pallentes
332 2253 425 2328 aperit
440 2252 535 2323 sedeS,
552 2251 732 2326 abruptaque
747 2269 816 2309 saxa

175 2360 300 2428 asperat,
316 2361 346 2409 et
360 2350 465 2407 durum
479 2349 581 2406 vinclis
596 2347 760 2419 adamanta,
775 2357 915 2423 paratque

174 2469 304 2528 poenam
319 2449 430 2508 victori.
474 2447 563 2505 Refer
577 2446 650 2504 haec
665 2446 767 2503 solatia
781 2456 889 2516 tecum,

175 2568 195 2608 o
210 2549 330 2620 iuvenis,
347 2546 466 2623 placido
480 2563 581 2603 manes
596 2554 767 2620 patremque
783 2543 964 2618 domumque

175 2656 346 2722 exspectare
362 2645 435 2716 sinu,
451 2642 592 2718 regnique
606 2643 636 2700 in
650 2651 731 2717 parte
746 2659 849 2699 serena

177 2745 321 2822 Pompeio
336 2761 447 2802 servare
462 2742 571 2800 locum.
613 2741 679 2798 Nec
693 2739 782 2815 gloria
796 2754 901 2814 parvae

177 2844 313 2903 sollicitet
326 2842 420 2900 vitae:
443 2840 550 2910 veniet,
566 2856 643 2913 quae
658 2838 779 2895 misceat
793 2852 896 2894 omnes

177 2941 250 3000 hora
264 2941 364 3000 duces.
409 2940 565 3015 Properate
581 2936 664 3006 mori,
680 2950 845 3009 magnoque
860 2930 977 3007 superbi

178 3040 309 3115 quamvis
324 3057 340 3098 e
355 3037 450 3113 parvis
464 3037 562 3094 animo
578 3032 749 3092 descendite
764 3030 864 3101 bustis,

178 3146 209 3195 et
223 3137 425 3194 Romanorum
439 3151 542 3192 manes
556 3133 667 3190 calcate
685 3129 817 3187 deorum.

179 3233 278 3307 Quem
291 3232 434 3290 tumulum
449 3230 518 3302 Nili,
533 3248 622 3305 quern
637 3228 773 3304 Tybridis
788 3225 885 3283 abluat
899 3221 987 3292 unda,

179 3330 333 3405 quaeritur,
349 3338 379 3387 et
392 3327 517 3387 ducibus
532 3336 645 3384 tantum
660 3324 697 3382 de
715 3324 814 3382 funere
830 3337 928 3396 pugna
941 3327 993 3375 est.

178 3427 225 3485 Tu
239 3427 330 3485 fatum
343 3444 382 3485 ne
396 3443 503 3501 quaere
518 3433 599 3482 tuum
615 3438 813 3498 cognoscere:
839 3420 957 3487 Parcae,

179 3542 228 3582 me
241 3524 391 3593 reticente,
407 3522 536 3581 dabunt:
559 3520 611 3579 tibi
627 3520 731 3577 certior
744 3517 843 3575 omnia
857 3525 936 3573 vates

180 3620 243 3696 ipse
258 3629 344 3678 canet
358 3619 459 3679 Siculis
474 3618 588 3694 genitor
603 3617 760 3691 Pompeius
775 3615 805 3671 in
818 3613 910 3670 arvis:

181 3716 228 3775 ille
242 3734 360 3792 quoque
374 3717 509 3786 incertus,
525 3733 584 3790 quo
599 3723 628 3771 te
643 3722 738 3782 vocet,
753 3710 832 3769 unde
847 3709 976 3783 repellat,

181 3829 252 3888 quas
266 3813 364 3871 iubeat
377 3812 465 3870 vitare
476 3811 587 3900 plagas,
603 3827 681 3887 quae
696 3807 795 3870 sidera
806 3804 924 3867 mundi.
