2558 4230
463 339 635 424 Propertii
656 339 802 424 Elegiae.

229 536 258 584 et
273 527 438 602 Cyrenaeas
453 545 525 584 urna
538 527 681 585 ministret
694 544 793 602 aquas.

188 623 310 683 Costum
326 625 412 682 molle
428 624 496 682 date
510 634 540 681 et
554 623 653 682 blandi
668 624 738 681 mihi
753 623 821 680 turis
836 621 971 696 honores,

228 730 330 796 terque
345 721 444 778 focum
460 721 538 777 circa
551 722 651 778 laneus
666 721 743 779 orbis
758 729 813 778 eat.

189 818 320 893 Spargite
334 836 382 876 me
398 818 531 892 lymphis,
547 836 724 892 carmenque
739 818 905 876 recentibus
919 817 975 875 aris

228 916 297 974 tibia
312 915 481 991 Mygdoniis
496 916 566 973 libet
581 916 691 973 eburna
705 914 795 973 cadis

188 1013 233 1070 Ite
247 1014 351 1088 procul
365 1013 489 1084 fraudes,
504 1013 561 1069 alio
576 1013 632 1070 sint
646 1031 712 1071 aere
727 1031 839 1070 noxae:

227 1129 300 1186 pura
314 1129 423 1169 novum
439 1112 496 1168 vati
511 1111 609 1167 laurea
623 1111 716 1168 mollit
730 1111 792 1168 iter.

188 1209 284 1280 Musa,
299 1209 420 1266 Palatini
434 1209 594 1266 reseremus
607 1209 748 1283 Apollinis
762 1207 886 1266 aedem:

226 1323 271 1363 res
287 1315 339 1376 est,
355 1304 497 1380 Calliope,
513 1304 603 1380 digua
617 1307 713 1363 favore
729 1315 789 1363 tuo,

187 1403 320 1462 Caesaris
334 1403 365 1460 in
378 1421 489 1461 nomen
504 1402 650 1460 ducuntur
665 1404 810 1461 carmina:
834 1403 942 1462 Caesar

227 1500 299 1558 dum
315 1500 436 1572 canitur,
452 1519 572 1575 quaem,
589 1499 721 1574 Iuppiter
735 1500 797 1575 ipse
811 1518 907 1557 vaces.

188 1598 241 1655 Est
253 1598 366 1656 Phoebi
380 1599 493 1672 fugiens
508 1598 672 1655 Athamana
686 1597 724 1656 ad
739 1599 822 1655 litora
836 1607 945 1672 portus,

227 1714 285 1770 qua
299 1696 377 1752 sinus
394 1696 495 1752 Ioniae
511 1715 657 1753 murmura
672 1695 774 1753 condit
787 1712 890 1769 aquae,

185 1792 271 1849 Actia
285 1793 383 1850 Iuleae
399 1793 518 1867 pelagus
534 1793 715 1850 monimenta
729 1792 854 1865 carinae,

225 1901 378 1947 nautarum
392 1889 465 1947 votis
481 1909 541 1948 non
556 1909 682 1965 operosa
695 1891 750 1948 via.

186 1987 258 2045 Huc
274 1986 376 2044 mundi
391 1987 488 2044 coiere
504 2007 625 2045 manus:
649 1987 726 2045 stetit
741 2005 868 2060 aequore
883 1986 976 2047 moles

225 2085 320 2159 pinea,
336 2102 392 2141 nec
407 2085 493 2142 remis
508 2102 603 2158 aequa
618 2084 732 2142 favebat
745 2084 813 2142 avis.

185 2181 284 2237 Altera
299 2180 397 2238 classis
412 2191 472 2237 erat
486 2183 603 2238 Teucro
619 2180 757 2239 damnata
772 2181 906 2254 Quirino,

225 2279 340 2353 pilaque
355 2278 483 2335 feminea
496 2279 617 2354 turpiter
630 2289 696 2336 acta
710 2297 816 2336 manu:

185 2373 254 2432 hinc
269 2378 399 2450 Augusta
411 2375 479 2433 ratis
494 2376 586 2450 plenis
602 2376 679 2433 Iovis
693 2376 792 2433 omine
806 2374 877 2433 velis

225 2472 363 2546 signaque
379 2471 436 2528 iarn
451 2473 560 2546 patriae
575 2473 691 2530 vincere
706 2471 797 2530 docta
810 2490 891 2530 suae.

183 2568 317 2627 Tandem
333 2569 410 2626 acies
424 2570 558 2644 geminos
573 2571 686 2627 Nereus
700 2570 812 2627 lunarat
827 2570 857 2627 in
871 2588 964 2641 arcuS,

224 2685 370 2723 armorum
384 2666 471 2724 radiis
486 2668 565 2742 picta
580 2668 722 2725 tremebat
736 2685 821 2742 aqua,

184 2782 252 2821 cum
268 2765 404 2822 Phoebus
419 2765 553 2839 linquens
568 2775 693 2822 stantem
708 2784 738 2822 se
752 2764 870 2822 vindice
886 2764 986 2822 Delon

228 2861 310 2935 (nam
326 2862 390 2919 tulit
404 2861 490 2919 iratos
506 2861 620 2919 mobilis
635 2880 693 2919 una
708 2860 819 2936 Notos)

182 2958 272 3016 astitit
285 2959 407 3032 Augusti
422 2959 545 3033 puppim
560 2976 655 3032 super,
671 2967 700 3015 et
714 2977 791 3016 nova
804 2958 923 3016 flamma

223 3054 294 3112 luxit
308 3054 338 3112 in
353 3056 502 3128 obliquam
517 3065 560 3112 ter
575 3056 686 3112 sinuata
700 3056 805 3113 lacem.

185 3150 256 3208 Non
271 3151 316 3207 ille
330 3152 463 3209 attulerat
478 3152 572 3209 crines
587 3152 616 3208 in
631 3153 706 3209 colla
721 3153 829 3210 solutos

222 3257 272 3305 aut
286 3248 467 3306 testudineae
484 3267 601 3306 carmen
616 3249 725 3307 inerme
740 3251 826 3324 lyrae,

182 3344 235 3402 sed
251 3345 327 3418 quali
343 3345 455 3421 aspexit
471 3346 631 3420 Pelopeum
647 3348 871 3421 Agamemnona
883 3346 974 3419 vultu,

222 3443 386 3516 egessitque
401 3441 492 3498 avidis
508 3443 618 3499 Dorica
633 3452 726 3499 castra
739 3444 825 3518 rogiS,

182 3547 231 3595 aut
245 3539 336 3612 qualis
352 3539 442 3596 flexos
456 3538 540 3596 solvit
556 3539 688 3614 Pythona
702 3557 755 3614 per
768 3540 854 3598 orbes

222 3645 398 3710 serpentem,
414 3635 534 3693 inbelles
549 3654 637 3711 quem
652 3637 774 3694 timuere
789 3636 877 3712 lyrae.

183 3733 256 3789 Mox
269 3733 310 3790 ait
324 3736 360 3791 ‘o
374 3732 462 3807 longa
475 3733 578 3791 mundi
592 3745 720 3792 servator
734 3735 771 3793 ab
785 3735 869 3808 Alba,

222 3830 360 3904 Auguste,
378 3831 536 3890 Hectoreis
550 3833 667 3909 cognite
682 3833 775 3891 maior
789 3833 859 3906 avis,

1089 630 1104 675 5
