2558 4230
469 301 510 367 P.
539 301 682 366 Ovidius
704 302 803 366 Nasu.

190 487 272 546 Inter
285 487 363 545 mille
377 497 454 546 rates
469 497 519 545 tua
533 488 569 546 sit
583 487 755 545 millensima
769 486 886 562 puppis,

229 583 347 659 iamque
362 585 494 660 fatigatas
508 586 610 643 ultima
623 595 718 642 verset
732 603 831 660 aquas.

189 682 261 740 Hoc
277 700 395 757 quoque
409 700 597 757 praemoneo.
641 683 687 739 De
703 700 776 739 nave
791 680 965 739 novissimus
980 679 1046 739 exi:

161 796 170 801 ·
229 797 290 837 non
305 789 357 850 est,
373 797 432 854 quo
446 798 595 854 properes,
612 789 687 837 terra
700 789 822 853 paterna
836 778 897 836 tibi.
1101 772 1162 833 (100)

188 876 266 935 Cum
280 877 389 948 venies,
404 894 544 951 remoque
560 894 645 934 move
660 876 785 951 veloque
800 875 938 947 carinam,

229 975 318 1049 inque
333 985 384 1032 tuo
400 975 525 1032 celerem
541 975 622 1032 litore
638 975 706 1032 siste
721 974 863 1049 gradum!
1046 981 1089 1016 1⁰⁰

189 1071 255 1130 Sive
269 1072 337 1129 latet
353 1072 499 1143 Phoebus,
515 1090 566 1129 seu
581 1072 663 1129 terris
679 1071 762 1129 altior
776 1080 878 1143 exstat,

229 1178 261 1226 tu
275 1169 346 1226 mihi
362 1170 426 1226 luce
441 1169 533 1239 dolor,
549 1179 580 1226 tu
594 1169 666 1226 mihi
681 1179 768 1227 nocte
783 1169 874 1226 venis

189 1265 248 1324 Sed
262 1276 313 1322 tua
327 1284 379 1323 cur
393 1266 478 1324 nobis
493 1267 604 1341 pallens
619 1268 744 1324 occurrit
758 1266 877 1341 imago?

230 1363 290 1421 Cur
303 1364 382 1420 venit
397 1382 415 1419 a
428 1364 522 1421 verbis
537 1364 627 1420 multa
641 1364 768 1437 querella
781 1364 859 1420 tuis?
1099 1357 1160 1417 (110)

189 1460 330 1517 Excutior
344 1479 458 1531 somno,
474 1460 686 1536 simulacraque
701 1460 795 1517 noctis
810 1459 922 1518 adoro:
1046 1467 1087 1514 ¹05

228 1557 307 1613 nulla
322 1566 402 1613 caret
416 1557 496 1614 sumo
510 1557 657 1614 Thessalis
671 1575 719 1614 ara
733 1574 819 1613 meo:

187 1662 253 1711 tura
267 1653 379 1723 damus,
395 1653 602 1729 lacrimamque
618 1671 714 1728 super,
730 1672 788 1728 qua
802 1670 902 1727 sparsa
915 1652 1037 1726 relucet,

123 1795 126 1798 »
227 1760 259 1808 ut
274 1750 346 1808 solet
361 1750 464 1808 adfuso
479 1769 595 1826 surgere
610 1751 727 1808 flamma
742 1768 832 1808 mero

189 1846 319 1920 Quando
334 1865 398 1922 eg0,
414 1857 442 1904 te
457 1847 597 1905 reducem
612 1847 728 1922 cupidis
743 1847 877 1922 amplexa
892 1847 1017 1920 lacertis,
1097 1843 1158 1903 (115)

228 1944 365 2019 languida
379 1945 487 2001 laetitia
501 1946 595 2002 solvar
608 1946 646 2003 ab
660 1945 723 2020 ipsa
738 1945 825 2002 mea?
1043 1954 1086 1987 110

189 2042 318 2116 Quando
333 2043 396 2112 erit,
411 2052 442 2099 ut
457 2042 534 2099 lecto
549 2061 666 2099 mecum
682 2042 758 2100 bene
773 2042 888 2099 iunctus
905 2040 936 2098 in
949 2059 1011 2100 uno

227 2140 345 2196 militiae
360 2140 464 2196 referas
480 2139 635 2214 splendida
649 2140 726 2196 sacta
739 2140 828 2197 tuae?

185 2236 270 2310 Quae
285 2237 356 2293 mihi
371 2236 442 2294 dum
457 2237 572 2306 reseres,
588 2237 719 2312 quamvis
734 2237 834 2294 audire
849 2236 967 2310 iuvabit,
1005 2301 1018 2308 ,

227 2334 317 2391 multa
331 2345 430 2390 tamen
444 2335 539 2408 rapies
559 2335 667 2405 oscula,
684 2334 773 2392 multa
787 2334 880 2392 dabis
1097 2329 1160 2390 (120)

186 2431 309 2506 Semper
323 2432 351 2488 in
369 2432 412 2489 his
427 2431 495 2506 apt'e
510 2433 655 2489 narrantia
667 2433 756 2489 verba
769 2432 923 2489 resistunt:
1044 2439 1086 2487 115

226 2530 389 2603 promptior
402 2539 446 2586 est
461 2529 539 2586 dulci
554 2530 651 2604 lingua
664 2530 768 2586 referre
783 2547 874 2586 mora.

186 2625 246 2685 Sed
261 2645 330 2683 cum
343 2627 431 2683 Troia
445 2628 530 2698 subit,
547 2627 673 2685 subeunt
688 2627 824 2701 ventique
839 2627 1014 2701 fretumque,

226 2741 293 2798 spes
308 2724 387 2781 bona
401 2724 525 2782 sollicito
539 2725 617 2781 victa
631 2725 734 2781 timore
751 2723 838 2782 cadit.

186 2822 257 2878 Hoc
272 2839 400 2895 quoque,
415 2820 497 2896 quod
512 2821 592 2878 venti
606 2821 764 2895 prohibent
778 2822 856 2877 exire
871 2820 994 2894 carinas,
1096 2817 1161 2877 (125)

224 2937 273 2975 me
288 2928 396 2977 movet.
439 2919 539 2976 Invitis
553 2919 593 2975 ire
609 2919 714 2992 paratis
729 2919 819 2992 aquis.
1041 2927 1084 2960 120

186 3016 259 3090 Quis
274 3016 341 3073 velit
356 3017 385 3072 in
400 3016 522 3090 patriam
537 3026 625 3073 vento
639 3015 813 3090 prohibente
827 3015 953 3074 reverti?

225 3115 252 3171 A
265 3113 358 3187 patria
371 3114 476 3188 pelago
490 3114 554 3170 vela
568 3123 684 3170 vetante
701 3113 777 3170 datis
791 3115 796 3171 !

186 3211 254 3285 Ipse
269 3229 352 3267 suam
368 3229 427 3267 non
443 3211 563 3284 praebet
578 3211 631 3268 iter
646 3211 802 3285 Neptunus
817 3210 856 3268 ad
870 3211 984 3270 urbem.

226 3309 295 3382 Quo
309 3309 411 3366 ruitis?
451 3310 569 3367 Vestras
585 3310 706 3385 quisque
721 3308 813 3366 redite
829 3309 957 3369 domosl
1093 3305 1160 3366 (130)

184 3405 254 3483 Quo
268 3406 357 3475 ruitis,
375 3406 491 3463 Danai?
532 3408 644 3464 Ventos
658 3406 758 3464 audite
773 3407 896 3465 vetantis
911 3410 917 3465 l
1038 3415 1082 3464 1²5

198 3486 205 3503 ²
224 3504 294 3578 Non
309 3504 396 3568 subiti
410 3522 503 3575 casuS,
518 3504 644 3562 numinis
659 3505 713 3562 ista
727 3523 808 3562 mora
822 3514 875 3562 est.

183 3600 264 3674 Quid
278 3601 386 3675 petitur
400 3611 481 3674 tanto
495 3601 551 3671 nisi
564 3602 654 3677 turpis
669 3601 800 3660 adultera
814 3602 914 3662 bello?

198 3681 205 3689 Χ
223 3698 303 3756 Dum
317 3699 394 3770 licet,
410 3699 548 3763 Inachiae
563 3700 664 3768 yertite
679 3700 744 3757 vela
758 3703 852 3759 rates!

182 3793 240 3853 Sed
255 3794 327 3870 quid
341 3797 418 3870 ago?
438 3798 566 3867 revoco?
586 3798 779 3874 revocaminis
793 3816 882 3875 omen
898 3799 1010 3874 abesto,
1092 3795 1160 3856 (135)
