2558 4230
481 302 609 370 catulli
634 304 802 373 Carmina.

234 498 360 566 quantos
374 490 422 549 illa
435 490 499 549 tulit
512 491 661 567 languenti
674 491 765 551 corde
780 492 919 554 timores!

233 598 344 663 quanto
358 605 447 664 saepe
462 589 553 664 magis
566 589 677 665 fulgore
692 590 830 666 expalluit
845 592 926 650 aurii

235 703 304 744 cum
318 704 436 744 saevum
451 686 574 761 cupiens
587 696 690 746 contra
703 688 884 747 contendere
899 698 1062 750 monstrum

233 793 283 841 aut
297 793 421 842 mortem
436 793 591 859 oppeteret
604 784 738 843 Theseus
753 795 802 843 aut
816 786 947 861 praemia
960 785 1063 846 laudis.

234 881 306 939 Non
319 882 430 956 ingrata
444 889 542 939 tamen
556 881 658 940 frustra
672 883 845 940 munuscula
859 882 933 942 divis

233 979 406 1054 promittens
420 977 510 1036 tacito
524 977 678 1037 succendit
692 990 760 1038 vota
774 980 889 1039 labello.

234 1076 313 1134 Nam
327 1076 404 1133 velut
418 1076 448 1133 in
462 1093 577 1133 summo
591 1076 771 1151 quatientem
786 1077 906 1136 brachia
918 1079 1017 1137 Tauro

234 1190 384 1247 quercum,
399 1182 449 1231 aut
462 1173 631 1249 conigeram
645 1173 763 1232 sudanti
777 1175 887 1232 cortice
902 1175 1015 1251 pinum,

232 1269 392 1329 indomitus
406 1270 491 1328 turbo
506 1281 705 1346 contorquens
720 1271 836 1330 flamine
851 1273 940 1331 robur

233 1368 307 1425 eruit
321 1367 384 1443 (illa
398 1366 500 1442 procul
513 1367 652 1426 radicitus
668 1369 819 1427 exturbata

233 1481 326 1540 prona
339 1463 427 1535 cadit,
441 1465 557 1540 lateque
572 1475 601 1523 et
615 1466 750 1524 cominus
764 1467 851 1525 obvia
864 1466 1030 1544 frangens),

233 1562 276 1620 sic
290 1560 403 1620 domito
418 1579 536 1620 saevum
550 1563 704 1638 prostravit
718 1581 840 1640 corpore
855 1564 989 1623 Theseus

232 1660 428 1735 nequicquam
442 1660 522 1718 vanis
537 1660 695 1719 iactantem
709 1679 820 1719 cornua
833 1662 936 1720 ventis.

234 1755 310 1814 Inde
324 1755 433 1831 pedem
447 1775 548 1832 sospes
563 1757 654 1815 multa
667 1776 737 1816 cum
751 1757 838 1817 laude
852 1758 964 1818 reflexit

233 1853 397 1912 errabunda
408 1873 512 1930 regens
527 1855 607 1913 tenui
621 1856 742 1931 vestigia
755 1856 814 1928 filo,

234 1969 271 2008 ne
286 1951 471 2027 labyrintheis
485 1970 502 2010 e
518 1951 639 2011 flexibus
654 1953 856 2029 egredientem

233 2049 304 2106 tecti
317 2048 497 2107 frustraretur
510 2050 728 2109 inobservabilis
743 2069 829 2109 error.

234 2145 292 2204 Sed
306 2146 379 2221 quid
393 2164 449 2221 ego
464 2165 482 2204 a
495 2147 589 2222 primo
604 2147 749 2222 digressus
765 2149 893 2207 carmine
908 2149 991 2224 plura

235 2260 474 2315 commemorem,
489 2253 521 2301 ut
535 2244 668 2319 linquens
683 2245 821 2320 genitoris
836 2246 895 2303 filia
908 2248 1028 2317 vultum,

234 2349 266 2397 ut
279 2341 515 2416 consanguineae
531 2341 728 2416 complexum,
743 2351 776 2399 ut
789 2342 917 2418 denique
932 2344 1040 2415 matriS,

234 2455 309 2511 quae
324 2438 430 2495 misera
443 2438 473 2496 in
487 2448 575 2512 gnata
589 2437 744 2514 deperdita
757 2440 915 2498 lamentata
929 2450 983 2511 est,

235 2535 370 2593 omnibus
385 2535 429 2593 his
443 2534 553 2593 Thesei
566 2535 685 2593 dulcem
699 2537 877 2611 praeoptarit
890 2555 1031 2610 amorem,

234 2641 283 2689 aut
296 2641 328 2690 ut
341 2642 428 2689 vecta
440 2633 508 2690 ratis
521 2651 662 2708 spumosa
675 2633 714 2691 ad
728 2634 812 2691 litora
826 2635 912 2706 Diae,
984 2686 988 2694 .

235 2737 284 2786 aut
297 2738 329 2787 ut
344 2747 410 2787 eam
518 2728 686 2788 devinctam
699 2731 809 2788 lumina
823 2750 929 2789 somno

235 2824 348 2900 liquerit
362 2827 515 2885 inmemori
529 2827 687 2887 discedens
701 2839 821 2903 pectore
837 2829 988 2901 coninmr?

237 2922 328 2997 Saepe
343 2923 420 2980 illam
434 2925 589 2999 perhibent
602 2925 716 2983 ardenti
730 2924 821 2983 corde
836 2926 981 2984 furentem

236 3019 391 3078 clarisonas
405 3021 465 3080 imo
479 3021 588 3080 fudisse
602 3041 619 3080 e
634 3034 754 3098 pectore
769 3041 867 3094 voceS,

237 3134 271 3173 ac
285 3126 346 3174 tum
362 3129 532 3194 praeruptos
546 3121 657 3178 tristem
671 3119 872 3179 conscendere
888 3131 1013 3194 montes,

235 3213 314 3271 unde
328 3214 422 3272 aciem
436 3215 466 3273 in
480 3217 575 3292 pelagi
590 3228 684 3276 vastos
699 3217 888 3294 protenderet
902 3227 1008 3290 aestus,

234 3318 298 3368 tum
311 3313 425 3370 tremuli
439 3314 505 3372 salis
520 3313 655 3373 adversas
671 3333 839 3390 procurrere
854 3316 885 3373 in
899 3314 993 3374 undas

236 3408 334 3466 mollia
347 3409 474 3468 nudatae
488 3411 639 3470 tollentem
653 3413 783 3488 tegmina
797 3431 889 3485 surae,

237 3515 323 3580 atque
338 3506 412 3564 haec
426 3510 562 3567 extremis
577 3519 717 3567 maestam
732 3509 838 3567 dixisse
853 3509 997 3585 querellis,

236 3602 386 3678 frigidulos
399 3604 461 3665 udo
475 3606 617 3682 singultus
632 3625 682 3664 ore
697 3607 834 3665 cientem.

237 3700 369 3759 ‘Siccine
385 3720 432 3760 me
447 3704 544 3778 patriis
559 3714 700 3774 avectam,
715 3703 836 3779 perfide,
851 3705 889 3763 ab
902 3703 967 3780 aris,

236 3794 360 3873 perfide,
374 3797 491 3860 deserto
505 3799 612 3877 liquisti
626 3800 656 3859 in
670 3800 764 3876 litore,
778 3801 919 3861 Theseu?
