2558 4230
107 347 135 417 a]
513 335 609 399 Fasti
630 335 676 400 II.

158 529 200 578 aut
211 518 279 594 quia
292 518 416 596 placatis
429 527 497 578 sunt
510 527 644 594 tempora
658 535 730 593 pura
743 517 892 595 sepulcris,

189 626 257 674 tunc
271 635 343 675 cum
358 616 461 675 ferales
474 616 646 692 praeteriere
661 614 735 674 dies.

156 713 244 773 Omne
259 714 342 772 nefas
357 730 536 788 omnemque
551 713 619 771 mali
633 712 806 788 purgamina
818 730 937 770 causam

188 810 349 869 credebant
363 810 453 868 nostri
468 811 568 868 tollere
583 827 670 885 posse
685 827 779 867 senes.

154 909 273 969 Graecia
286 909 464 985 principium
477 909 566 967 moris
580 909 642 967 luit.
685 909 739 967 llla
752 910 885 967 nocentis

187 1008 267 1083 inpia
280 1005 417 1065 lustratos
431 1023 542 1082 ponere
556 1006 633 1063 sacta
647 1016 738 1081 putat.

152 1103 309 1162 Actoriden
324 1103 436 1175 Peleus,
452 1104 549 1179 ipsum
562 1121 681 1178 quoque
698 1104 785 1161 Pelea
800 1103 891 1161 Phoci

188 1200 281 1260 caede
295 1219 349 1277 per
365 1201 547 1259 Haemonias
561 1201 646 1259 solvit
659 1202 782 1259 Acastus
796 1219 896 1275 aquas.

152 1299 271 1357 Vectam
285 1299 403 1357 frenatis
417 1316 470 1373 per
484 1299 570 1356 inane
586 1298 764 1357 draconibus
778 1302 894 1374 Aegeus

188 1397 324 1455 credulus
337 1396 472 1454 inmerita
487 1394 613 1454 Phasida
627 1396 697 1453 iuvit
711 1413 779 1470 ope.

154 1493 389 1568 Amphiareiades
404 1494 580 1568 Naupactoo
595 1492 728 1550 Acheloo

190 1592 287 1649 ‘solve
302 1591 400 1648 nefas'
415 1589 498 1649 dixit.
539 1591 630 1649 Solvit
644 1600 673 1648 et
688 1591 733 1648 ille
748 1591 836 1649 nesas.

153 1689 194 1746 A!
215 1689 340 1746 nimium
354 1688 461 1759 faciles,
476 1688 527 1762 qui
542 1689 634 1746 tristia
650 1690 770 1746 crimina
784 1690 883 1748 caedis

190 1785 328 1844 fluminea
341 1785 403 1842 tolli
416 1802 503 1861 posse
519 1787 626 1860 putetis
641 1804 716 1861 aqua
730 1790 735 1843 ἔ

155 1882 208 1941 Sed
222 1882 491 1956 tamen-antiqui
506 1900 543 1940 ue
559 1884 675 1940 nescius
690 1883 797 1942 ordinis
812 1902 938 1943 erres-

190 1981 308 2055 primus,
324 1988 355 2037 ut
369 1990 422 2051 est,
437 1980 502 2038 Iani
517 1981 625 2038 mensis
640 1992 669 2038 et
684 1992 750 2039 ante
766 1982 826 2039 fuit.

156 2077 211 2151 Qui
224 2078 353 2152 sequitur
367 2078 482 2148 Ianum,
497 2079 601 2135 veteris
615 2078 669 2136 suit
684 2079 798 2137 ultimus
814 2080 899 2137 anni:

191 2184 222 2232 tu
235 2192 354 2250 quoque
368 2193 526 2245 sacrorum,
542 2176 689 2243 Termine,
705 2176 769 2234 finis
783 2195 855 2234 eras.

156 2272 263 2329 Primus
277 2273 356 2330 enirn
372 2273 436 2330 Iani
450 2273 567 2341 mensis,
582 2274 651 2348 quia
666 2274 750 2330 ianua
763 2274 856 2348 prima
870 2284 923 2332 est.

192 2369 250 2444 Qui
264 2388 348 2428 sacer
360 2381 405 2429 est
418 2371 482 2428 imis
498 2371 641 2439 manibus
658 2372 732 2428 imus
747 2381 816 2429 erat.

156 2466 311 2525 Postmodo
325 2467 484 2527 creduntur
498 2470 593 2543 spatio
609 2469 744 2526 distantia
758 2469 847 2544 longo

191 2566 381 2642 temporabis
394 2566 476 2641 quini
491 2567 677 2624 continuasse
692 2566 752 2623 viri.

528 2856 668 2886 ·—000—

577 3104 614 3163 V.

441 3279 541 3331 Fasrt
558 3280 594 3329 11.
631 3293 749 3344 193-242

155 3443 254 3503 Imeus
267 3444 386 3520 agrestis
401 3444 513 3503 fumant
527 3445 625 3503 altaria
639 3447 663 3502 F
664 3446 741 3516 nuni,

191 3540 239 3599 hic
253 3542 303 3600 ubi
317 3540 457 3600 discretas
472 3544 564 3601 insula
577 3544 683 3618 rumpit
702 3561 802 3617 aquas

155 3637 239 3697 Haec
252 3639 305 3697 suit
319 3640 367 3697 illa
382 3638 454 3707 dies,
470 3639 500 3697 in
513 3658 572 3715 qua
585 3641 756 3699 Veientibus
770 3639 843 3698 arvis

191 3745 235 3794 ter
250 3746 369 3795 centum
385 3737 467 3795 Fabii
482 3746 525 3795 ter
539 3737 673 3795 cecidere
689 3737 757 3795 duo.

154 3831 221 3892 Una
234 3831 341 3892 domus
355 3832 427 3892 vires
441 3844 472 3892 et
484 3853 558 3895 onus
572 3847 745 3915 susceperat
759 3835 862 3899 urbis:
