2558 4230
457 336 588 400 Lucani
612 336 803 400 Pharsalia.

184 523 287 598 ingens
301 523 362 580 visa
375 521 445 579 duci
461 522 572 579 Patriae
586 520 757 596 trepidantis
771 521 869 596 imago
1059 519 1103 578 1⁶⁵

185 621 261 677 clara
274 638 327 694 per
342 620 496 676 obscuram
512 619 591 676 voltu
607 619 799 676 moestissima
814 627 943 691 noctem,

185 718 323 792 turrigero
339 735 428 774 canos
444 715 598 773 effundens
614 716 721 773 vertice
737 716 841 786 crineS,

185 815 312 871 caesarie
327 814 431 884 lacera,
448 813 593 887 nudisque
610 812 724 870 adstare
739 813 862 885 lacertis,

185 923 215 972 et
228 915 337 989 gemitu
352 913 494 989 permixta
508 913 606 987 loqui:
630 913 717 986 ‘Quo
731 912 850 970 tenditis
864 914 957 970 ultra?

186 1013 254 1087 Quo
268 1012 346 1069 sertis
361 1030 427 1068 mea
440 1012 531 1086 signa,
548 1011 620 1068 viri?
661 1010 690 1068 Si
706 1010 765 1067 iure
781 1011 893 1081 venitis,
1060 1020 1104 1065 170

185 1111 209 1167 si
223 1110 309 1180 cives,
326 1109 489 1184 hucusque
504 1109 591 1165 licet.’
634 1109 711 1164 Tum
726 1109 849 1183 perculit
864 1108 964 1165 horror

186 1207 315 1266 membra
329 1207 432 1279 ducis;
454 1208 566 1281 riguere
584 1224 696 1277 comae,
712 1224 884 1281 gressusque
899 1223 1041 1263 coercens

184 1305 305 1380 languor
319 1305 348 1361 in
364 1315 493 1361 extrema
508 1304 602 1361 tenuit
616 1304 736 1377 vestigia
749 1303 819 1378 ripa.

185 1405 260 1460 Mox
274 1404 330 1459 ait:
355 1403 398 1461 ‘O
415 1420 537 1477 magnae
552 1402 601 1475 qui
617 1401 734 1458 moenia
747 1400 889 1474 prospicis
904 1399 981 1458 urbis

183 1501 310 1575 Tarpeia
324 1500 360 1558 de
375 1519 457 1575 rupe,
472 1501 600 1570 Tonans,
619 1498 791 1572 Phrygiique
806 1508 928 1572 penates
1061 1505 1104 1552 175

184 1599 278 1673 gentis
293 1598 401 1669 Iuleae,
417 1607 446 1654 et
460 1598 533 1671 rapti
548 1607 660 1653 secreta
675 1595 798 1668 Quirini,

184 1705 214 1752 et
227 1695 356 1752 residens
372 1695 450 1752 celsa
464 1693 579 1751 Latialis
598 1693 730 1768 Iuppiter
743 1693 827 1763 Alba,

183 1792 364 1867 Vestalesque
379 1792 446 1862 soci,
462 1791 626 1865 summique
643 1810 662 1848 o
677 1791 803 1847 numinis
818 1791 907 1848 instar

185 1890 290 1960 Roma,
306 1890 369 1947 save
386 1890 507 1963 coeptis.
552 1889 621 1945 Non
637 1897 665 1944 te
681 1887 828 1945 furialibus
843 1888 929 1945 armis

184 2004 351 2062 persequor.
394 1987 450 2057 En,
465 1986 580 2057 adsum,
595 1985 688 2042 victor
702 1996 835 2059 terraque
850 1985 979 2058 marique
1061 1984 1106 2027 1⁸0

185 2083 301 2155 Caesar,
316 2084 425 2158 ubique
439 2092 515 2154 tuus,
530 2084 616 2140 liceat
629 2081 730 2153 m0d0,
746 2100 825 2139 nunc
840 2100 967 2156 quoque,
983 2081 1077 2139 miles.

185 2179 237 2237 Ille
252 2181 313 2252 erit,
329 2181 374 2238 ille
389 2199 510 2251 nocenS,
527 2181 576 2254 qui
590 2198 637 2237 me
653 2179 705 2236 tibi
721 2180 821 2236 lecerit
836 2178 969 2236 hostem!

185 2276 259 2335 Inde
275 2296 370 2336 moras
385 2278 469 2336 solvit
483 2278 559 2348 belli,
575 2277 777 2351 tumidumque
794 2295 847 2351 per
861 2294 979 2333 amnem

184 2376 266 2450 signa
279 2376 343 2433 tulit
356 2394 490 2451 propere.
532 2375 612 2432 Sicut
627 2374 825 2448 squalentibus
839 2374 912 2431 arvis

184 2473 334 2531 aestiferae
350 2473 455 2548 Libyes
468 2473 530 2530 viso
545 2473 591 2528 leo
607 2472 771 2529 comminus
786 2471 871 2528 hoste
1060 2470 1104 2526 185

184 2568 315 2627 subsedit
329 2569 443 2639 dubius,
459 2578 550 2627 totam
566 2568 636 2625 dum
652 2569 760 2642 colligit
775 2569 866 2639 iram;

184 2685 254 2724 mox
267 2667 317 2724 ubi
332 2685 363 2724 se
378 2685 481 2723 saevae
496 2666 651 2722 stimulavit
665 2666 783 2722 verbere
799 2663 912 2722 caudae

184 2765 333 2838 erexitque
348 2763 438 2833 iubas,
453 2771 535 2820 vasto
550 2773 579 2819 et
594 2780 679 2837 grave
695 2781 824 2819 murmur
838 2761 919 2818 hiatu

184 2861 347 2918 infremuit:
370 2868 433 2917 tum
448 2870 522 2916 torta
535 2860 604 2916 levis
619 2861 643 2917 si
658 2860 761 2916 lancea
776 2859 871 2916 Mauri

184 2959 310 3029 haereat,
325 2968 375 3015 aut
389 2958 478 3015 latum
493 2957 617 3020 subeant
631 2956 774 3014 venabula
787 2965 899 3030 pectus,
1059 2964 1103 3009 190

184 3074 237 3132 per
249 3056 365 3126 serrum,
380 3056 452 3111 tanti
467 3073 585 3112 securus
600 3055 734 3123 vulneris,
750 3054 818 3111 exit.

226 3155 319 3211 Fonte
335 3152 413 3210 cadit
428 3152 556 3222 modic0,
573 3152 726 3226 parvisque
742 3150 897 3224 impellitur
910 3149 997 3208 undis

183 3252 326 3328 puniceus
341 3252 488 3321 Rubicon,
506 3269 574 3307 cum
589 3249 699 3306 fervida
714 3247 835 3305 canduit
849 3257 961 3305 aestas:

183 3368 294 3426 perque
309 3350 380 3406 imas
395 3350 484 3423 serpit
497 3349 594 3418 valles,
610 3357 639 3405 et
655 3346 767 3406 Gallica
781 3354 876 3402 certus

182 3448 266 3507 limes
281 3447 318 3506 ab
332 3447 467 3505 Ausoniis
482 3446 662 3504 disterminat
676 3464 743 3502 arva
758 3443 880 3501 colonis.
1057 3451 1101 3501 195

183 3547 260 3604 Tum
273 3546 347 3603 vires
362 3545 520 3619 praebebat
535 3543 636 3614 hiemS,
653 3552 740 3617 atque
757 3550 874 3600 auxerat
888 3539 983 3600 undas

183 3644 267 3703 tertia
281 3643 338 3701 iam
352 3642 471 3717 gravido
485 3642 615 3716 pluvialis
633 3641 759 3715 Cynthia
773 3658 873 3711 comu,

183 3752 214 3799 et
227 3739 353 3798 madidis
367 3739 436 3797 Euri
450 3738 593 3796 resolutae
607 3738 720 3796 flatibus
735 3736 833 3812 Alpes.

180 3837 296 3898 Primus
307 3836 338 3897 in
353 3836 504 3914 obliquum
518 3836 636 3914 sonipes
650 3834 808 3912 opponitur
821 3850 951 3908 amnem,
