2558 4230
448 320 502 384 De
523 321 651 385 Rerum
675 321 815 385 Natura.

85 506 92 520 ‘
186 507 234 566 Sic
248 504 307 564 alid
321 524 358 565 ex
371 506 428 565 alio
442 525 603 582 numquam
619 506 740 565 desistet
754 506 821 564 oriri
1096 501 1159 564 (970)

186 604 301 679 vitaque
317 604 465 680 mancipio
480 605 549 661 nulli
564 604 657 675 datur,
672 604 808 662 omnibus
822 620 885 661 usu.

188 702 316 777 Respice
332 702 401 759 item
417 721 505 777 quam
520 702 559 758 nil
573 701 611 760 ad
626 720 680 759 nos
695 710 830 758 anteacta
842 708 971 759 vetustas

187 799 326 874 temporis
341 800 450 856 aeterni
467 799 558 869 fuerit,
574 816 662 873 quam
677 799 823 856 nascimur
837 808 914 856 ante.
1042 806 1086 854 Ῑ50

188 897 259 953 Hoc
275 897 360 970 igitur
375 897 526 969 speculum
542 896 627 953 nobis
642 905 746 952 natura
759 896 846 953 futuri

187 994 326 1068 temporis
342 994 462 1067 exponit
477 1001 544 1066 post
559 1000 683 1049 mortem
698 991 826 1067 denique
842 1001 981 1051 nostram.
1097 988 1160 1049 (975)

188 1090 341 1165 Numquid
357 1091 396 1148 ibi
412 1090 545 1147 horribile
562 1099 691 1164 apparet,
707 1108 778 1146 num
793 1090 872 1147 triste
887 1089 1002 1147 videtur
1097 1139 1102 1148 .

188 1188 354 1262 quicquam,
369 1206 430 1244 non
444 1187 525 1244 omni
540 1205 646 1244 somno
661 1187 788 1244 securius
804 1189 918 1245 exstat?

229 1287 325 1359 Atque
338 1302 373 1340 ea
383 1285 519 1341 nimirum
529 1302 732 1359 quaecumque
742 1284 909 1342 Acherunte
920 1282 1069 1360 profundo

188 1381 305 1456 prodita
319 1391 385 1439 sunt
400 1399 472 1452 esse,
488 1382 518 1438 in
531 1382 590 1438 vita
604 1391 671 1439 sunt
685 1382 784 1440 omnia
797 1381 892 1439 nobis.
1041 1378 1084 1437 15⁶

190 1479 256 1536 Nec
271 1479 357 1536 miser
370 1478 535 1553 inpendens
551 1498 691 1554 magnum
706 1480 789 1536 timet
803 1496 869 1536 aere
885 1496 988 1536 saxum
1095 1475 1160 1535 (980)

187 1577 337 1648 TantaluS,
352 1586 384 1634 ut
398 1578 509 1647 famam,
528 1595 610 1634 cassa
624 1576 779 1634 formidine
794 1586 932 1650 torpens3

190 1673 243 1731 sed
258 1674 348 1748 magis
363 1674 393 1731 in
408 1675 465 1731 vita
480 1674 580 1731 divom
595 1683 689 1732 metus
705 1684 787 1748 urget
801 1674 894 1730 inanis

189 1772 317 1828 mortalis
330 1789 487 1846 casumque
499 1772 602 1829 timent
614 1790 703 1846 quem
715 1772 820 1845 cuique
835 1771 907 1827 ferat
920 1770 988 1828 fors.
1041 1779 1085 1825 ιω

190 1868 257 1925 Nec
271 1868 378 1942 Tityon
392 1868 525 1925 volucres
541 1869 642 1925 ineunt
657 1868 824 1925 Acherunte
839 1868 985 1925 iacentem

188 1984 246 2023 nec
261 1965 342 2040 quod
357 1966 410 2023 sub
426 1983 532 2039 magno
548 1975 711 2023 scrutentur
725 1974 844 2040 pectore
859 1966 1018 2039 quicquam
1096 1961 1160 2021 (985)

190 2071 362 2138 perpetuam
377 2073 502 2119 aetatem
518 2072 640 2138 possunt
656 2064 782 2137 reperire
797 2063 939 2137 profecto
997 2141 999 2144 y

191 2159 358 2233 Quamlibet
372 2160 492 2217 immani
506 2161 638 2234 proiectu
655 2161 784 2234 corporis
800 2167 902 2230 exstet,

190 2257 239 2330 qui
254 2274 314 2312 non
328 2258 390 2314 sola
403 2275 509 2315 novem
524 2257 662 2332 dispessis
678 2259 776 2332 iugera
790 2257 927 2314 membris
1040 2256 1083 2314 1⁶5

190 2354 330 2427 optineat,
346 2354 398 2412 sed
413 2356 463 2429 qui
477 2356 561 2412 terrai
577 2357 665 2413 totius
681 2356 792 2426 orbem,

189 2469 250 2508 non
264 2461 363 2524 tamen
378 2462 528 2509 aeternum
543 2454 648 2527 poterit
664 2455 788 2527 perferre
805 2452 937 2511 dolorem
1094 2449 1161 2511 (990)

189 2565 246 2604 nec
261 2548 400 2621 praebere
415 2549 513 2606 cibum
528 2551 645 2624 proprio
663 2550 701 2607 de
713 2568 835 2624 corpore
850 2569 975 2625 semper.

190 2643 249 2702 Sed
259 2645 359 2719 Tityos
374 2645 458 2702 nobis
473 2645 520 2702 hic
536 2658 588 2719 est,
604 2648 633 2704 in
649 2667 748 2706 amore
765 2650 909 2706 iacentem

190 2759 279 2816 quem
293 2742 424 2799 volucres
438 2742 565 2801 lacerant
581 2755 668 2819 atque
684 2757 764 2804 exest
778 2747 879 2804 anxius
894 2764 985 2821 angor
1039 2767 1082 2813 170

189 2848 239 2896 aut
253 2839 308 2895 alia
322 2840 421 2913 quavis
436 2840 573 2899 scindunt
592 2844 759 2919 cuppedine
775 2862 870 2902 curae.

189 2937 326 3010 Sisyphus
341 2937 370 2994 in
385 2939 443 2994 vita
457 2957 575 3014 quoque
591 2942 675 2999 nobis
690 2954 757 3000 ante
773 2942 874 3000 oculos
890 2952 935 3001 est
1093 2940 1162 2999 (995)

189 3034 240 3108 qui
253 3044 352 3107 petere
367 3053 384 3091 a
398 3037 508 3111 populo
524 3039 618 3096 fasces
635 3058 793 3116 saevasque
808 3059 925 3098 secures

188 3130 302 3188 imbibit
316 3140 345 3188 et
358 3150 476 3207 semper
489 3136 580 3195 victus
597 3139 741 3213 tristisque
756 3138 875 3197 recedit.

190 3229 267 3284 Nam
278 3238 377 3302 petere
390 3231 544 3306 imperium
554 3235 634 3309 quod
646 3237 759 3293 inanest
770 3254 826 3292 nec
837 3235 929 3307 datur,
939 3253 1079 3312 umquam

188 3335 275 3400 atque
291 3327 320 3383 in
335 3346 371 3384 eo
387 3347 504 3404 semper
519 3330 622 3389 durum
638 3333 754 3390 sufferre
768 3333 906 3405 laborem,
1038 3333 1081 3389 17⁶

188 3423 246 3480 hoc
261 3435 304 3482 est
319 3426 441 3484 adverso
457 3429 605 3485 nixantem
622 3429 737 3487 trudere
752 3440 853 3488 monte
1076 3428 1159 3487 (1000)

188 3533 289 3572 saxum
304 3517 384 3591 quod
400 3529 498 3574 tamen
510 3537 525 3574 e
539 3537 654 3576 summo
670 3520 726 3577 iam
742 3523 849 3579 vertice
864 3540 963 3579 nisum

188 3613 310 3671 volvitur
324 3624 353 3671 et
367 3615 444 3689 plani
459 3616 563 3688 raptim
579 3616 651 3689 petit
666 3635 792 3691 aequora
806 3619 913 3693 campi.

189 3711 306 3769 Deinde
321 3712 410 3768 animi
426 3712 565 3787 ingratam
581 3722 714 3769 naturam
729 3733 848 3788 pascere
864 3732 981 3789 semper
1037 3729 1080 3776 180

188 3816 276 3882 atque
291 3807 407 3883 explere
422 3808 506 3867 bonis
521 3809 605 3868 rebus
621 3809 782 3884 satiareque
797 3830 967 3887 numquam,
