2558 4230
450 319 623 405 Propertii
641 320 791 406 Elegiae.

174 508 272 581 Paete,
288 506 362 584 quid
376 514 505 567 aetatem
518 507 675 565 numeras?
695 504 767 582 quid
782 523 850 563 cara
862 503 975 564 natanti

211 614 307 664 mater
320 605 352 663 in
365 622 416 663 ore
431 604 484 663 tibi
499 605 564 663 est?
583 603 748 662 nonhabet
762 602 842 661 unda
856 601 938 661 deos.

174 704 253 762 Nam
266 702 321 760 tibi
334 701 485 760 nocturnis
498 700 538 759 ad
552 719 622 759 saxa
635 701 723 776 ligata
735 700 871 776 procellis

212 799 314 860 omnia
327 799 436 858 detrito
449 799 567 857 vincula
580 799 649 857 fune
664 796 783 856 cadunt.

173 898 245 959 Sunt
258 896 508 974 Agamemnonias
521 896 658 954 testantia
671 896 755 954 litora
769 913 862 966 curas,

211 1013 288 1072 quae
302 1003 387 1053 notat
399 993 529 1070 Argynni
541 1011 642 1069 poena
652 991 906 1052 Athamantiadae.

175 1094 246 1152 Hoc
259 1093 366 1151 iuvene
380 1091 489 1150 amisso
502 1091 627 1149 classem
640 1108 702 1149 non
716 1091 800 1149 solvit
814 1089 940 1162 Atrides,

211 1208 267 1267 pro
281 1208 342 1266 qua
354 1198 483 1248 mactata
495 1197 540 1247 est
553 1187 708 1264 Iphigenia
721 1207 813 1247 mora.

175 1287 305 1347 Reddite
320 1305 428 1364 corpus
441 1286 542 1359 humo,
556 1286 710 1362 positaque
724 1286 755 1344 in
769 1285 881 1362 gurgite
895 1285 954 1343 vita
1061 1291 1089 1339 25

213 1387 337 1444 Paetum
351 1394 457 1461 sponte
471 1393 531 1457 tua,
549 1383 611 1442 vilis
629 1382 747 1455 harena,
762 1393 854 1458 tegas,

176 1492 205 1542 et
218 1483 355 1560 quotiens
370 1482 453 1542 Paeti
465 1481 598 1540 transibit
610 1491 701 1540 nauta
713 1481 889 1556 sepulcrum,

214 1580 294 1639 dicat
309 1584 357 1639 ‘et
371 1578 477 1638 audaci
491 1588 523 1638 tu
536 1579 624 1637 timor
637 1596 701 1637 esse
717 1580 821 1653 potes.’

176 1679 230 1750 Ite,
244 1687 322 1736 rates
336 1695 438 1736 curvas
452 1687 482 1735 et
495 1677 546 1735 leti
559 1676 648 1735 texite
663 1695 785 1734 causas:

213 1776 268 1834 ista
280 1793 335 1851 per
348 1774 491 1834 humanas
504 1793 583 1832 mors
597 1774 677 1832 venit
690 1783 757 1830 acta
769 1792 882 1832 manus.
1059 1781 1090 1829 ³0

177 1874 265 1932 Terra
277 1891 382 1950 parum
396 1873 488 1932 fuerat
501 1872 576 1945 satis,
591 1871 753 1930 adiecimus
766 1871 879 1931 undas:

214 1972 349 2031 fortunae
362 1971 481 2030 miseras
494 1970 627 2029 auximus
641 1980 702 2028 arte
716 1971 785 2028 vias.

177 2073 291 2129 Ancora
305 2080 334 2129 te
349 2079 457 2142 teneat,
471 2087 561 2146 quem
574 2088 635 2127 non
649 2078 769 2127 tenuere
785 2068 931 2126 Penates?

215 2168 288 2245 quid
301 2168 437 2227 meritum
451 2166 543 2239 dicaS,
559 2166 607 2225 cui
621 2185 675 2225 sua
688 2176 764 2224 terra
777 2184 880 2242 parum
895 2166 959 2223 est?

177 2276 329 2325 ventorum
343 2273 396 2336 est,
411 2264 622 2340 quodcumque
636 2281 739 2341 paras:
762 2262 842 2322 haud
856 2263 913 2321 ulla
927 2279 1025 2320 canna
1060 2269 1089 2317 35

215 2363 380 2435 consenuit,
394 2363 465 2421 fallit
478 2371 579 2439 portus
594 2372 624 2421 et
638 2363 700 2437 ipse
712 2361 811 2420 fidem.

178 2461 288 2520 Natura
300 2459 440 2519 insidians
453 2470 579 2536 pontum
593 2460 747 2519 substravit
760 2459 869 2516 avaris:

214 2567 247 2617 ut
259 2558 314 2617 tibi
327 2556 477 2629 succedat,
491 2556 540 2615 vix
553 2556 644 2615 semel
658 2573 722 2614 esse
736 2566 843 2631 potest.

178 2655 250 2715 Saxa
262 2654 452 2730 triumphales
465 2653 577 2731 fregere
592 2654 745 2729 Capharea
759 2671 883 2729 puppes,

214 2752 354 2827 naufraga
367 2769 437 2810 curn
449 2760 533 2810 vasto
546 2751 672 2811 Graecia
685 2761 777 2810 tracta
791 2751 851 2808 salo
866 2759 919 2809 est.
1060 2759 1090 2824 49

178 2848 327 2908 Paullatim
341 2849 455 2908 socium
469 2849 610 2907 iacturam
624 2849 702 2907 flevit
716 2849 827 2920 Ulixes,

215 2947 245 3006 in
259 2963 339 3005 mare
353 2946 402 3005 cui
415 2945 492 3005 soliti
506 2964 567 3005 non
580 2947 696 3005 valuere
711 2945 780 3005 doli.

177 3043 305 3119 Quodsi
319 3053 476 3103 contentus
489 3044 583 3120 patrio
597 3044 674 3103 bove
688 3053 811 3102 verteret
824 3061 918 3120 agros,

214 3142 362 3218 verbaque
377 3140 508 3200 durrisset
521 3140 639 3217 pondus
653 3141 760 3200 habere
776 3159 851 3214 mea,

176 3238 283 3298 viveret
296 3248 365 3297 ante
378 3256 448 3297 suos
463 3236 556 3296 dulcis
571 3237 694 3296 conviva
708 3239 841 3310 Penates,
1060 3243 1090 3293 45

215 3353 335 3413 pauper,
351 3345 381 3394 at
395 3336 524 3407 interra,
538 3335 580 3393 nil
593 3335 644 3394 ubi
657 3334 725 3393 flare
740 3345 848 3410 potest.

177 3433 247 3492 Non
259 3434 325 3492 tulit
338 3432 388 3491 hic
402 3435 508 3492 Paetus
522 3431 675 3491 stridorem
689 3431 790 3490 audire
802 3432 947 3508 procellae

215 3538 245 3590 et
258 3529 334 3589 duro
348 3538 464 3589 teneras
478 3528 596 3588 laedere
610 3529 679 3587 sune
693 3549 806 3602 manus,

177 3627 229 3686 sed
242 3627 320 3687 Chio
335 3626 465 3686 thalamo
478 3636 528 3685 aut
542 3627 643 3686 Oricia
657 3627 821 3685 terebintho

216 3735 246 3783 et
259 3725 363 3783 fultum
377 3723 479 3800 pluma
490 3723 665 3803 versicolore
680 3733 779 3798 caput.

178 3821 258 3882 Huic
272 3821 377 3882 fluctus
390 3821 457 3882 vivo
468 3819 606 3882 radicitus
622 3819 741 3884 abstulit
754 3840 881 3903 ungues,
