2558 4230
473 332 599 400 Catulli
626 325 792 401 Carmina.

307 480 459 622 dramds,
447 537 518 578 cave
532 482 668 623 despuad,
683 472 808 621 ocblle,

303 636 346 686 ,ne
360 634 471 692 poenas
486 592 623 675 Nemesis
636 602 771 692 repbscat
785 624 855 676 ate.

310 688 364 773 Est
376 691 535 773 vehemehs
549 714 624 772 dea:
647 694 855 773 laederehanc
869 723 983 775 caveto.

231 1198 348 1259 Peliaco
362 1198 513 1274 quondam
526 1207 685 1274 prognatae
698 1196 806 1255 vertice
820 1197 907 1272 pinus

231 1297 367 1355 dicuntur
380 1295 504 1370 liquidas
519 1295 651 1370 Neptuni
665 1313 749 1353 nasse
763 1312 817 1370 per
829 1293 923 1353 undas

231 1392 373 1453 Phasidos
387 1392 542 1451 adductus
557 1401 587 1450 et
600 1393 672 1450 fines
687 1395 841 1463 Aeetaeos,

231 1509 300 1550 curn
314 1491 383 1548 lecti
396 1477 524 1561 iuvenes,
540 1489 663 1565 Argivae
677 1489 783 1548 robora
796 1488 892 1564 pubis,

231 1599 361 1648 auratam
374 1597 509 1664 optantes
524 1587 642 1647 Colchis
657 1596 785 1645 avertere
800 1586 907 1661 pellem

230 1686 293 1744 ausi
307 1696 374 1744 sunt
387 1685 463 1744 vada
477 1687 551 1744 salsa
565 1686 623 1743 cita
637 1685 790 1743 decurrere
805 1683 907 1759 puppi,

231 1783 347 1841 caerula
360 1792 505 1840 verrentes
520 1783 650 1857 abiegnis
665 1800 792 1856 aequora
806 1781 918 1855 palmis.

233 1880 310 1938 Diva
325 1879 429 1953 quibus
444 1879 571 1935 retinens
586 1880 616 1935 in
631 1879 751 1936 summis
766 1879 884 1936 urbibus
898 1895 980 1937 arces

232 1976 296 2051 ipsa
309 1976 365 2033 levi
378 1975 447 2033 fecit
461 1975 630 2033 volitantem
645 1974 761 2033 flamine
777 1993 902 2047 currum,

231 2074 320 2149 pinea
334 2073 514 2147 coniungens
530 2072 652 2130 inflexae
667 2081 746 2129 texta
760 2072 885 2130 carinae.

232 2172 286 2230 Illa
298 2170 402 2229 rudem
417 2189 501 2229 cursu
516 2171 610 2247 prima
623 2171 727 2229 imbuit
741 2171 956 2245 Amphitriten3

232 2287 308 2343 quae
323 2269 406 2326 simul
421 2287 456 2326 ac
469 2277 563 2327 rostro
577 2279 733 2327 ventosum
746 2266 889 2343 proscidit
902 2285 1020 2344 aequor,

232 2374 366 2440 tortaque
380 2366 501 2441 remigio
517 2365 628 2441 spumis
642 2364 793 2423 incanduit
807 2363 896 2437 unda,

232 2480 377 2520 emersere
392 2462 444 2521 seri
458 2461 596 2519 candenti
611 2480 628 2520 e
643 2462 753 2537 grugite
768 2461 864 2519 vultus

232 2577 395 2634 aequoreae
410 2569 572 2617 monstrum
587 2558 730 2617 Nereides
746 2557 932 2617 admirantes

233 2657 296 2727 Illa,
311 2666 398 2731 atque
413 2655 492 2714 haud
507 2657 570 2727 alia,
584 2655 719 2714 viderunt
732 2656 798 2714 luce
813 2656 939 2714 marinas

231 2754 368 2813 mortales
383 2754 474 2812 oculis
488 2752 599 2811 nudato
614 2771 738 2829 corpore
752 2753 906 2828 Nymphas

231 2850 377 2911 nutricum
391 2861 476 2908 tenus
491 2860 622 2908 extantes
638 2868 654 2908 e
669 2850 780 2925 gurgite
795 2867 882 2908 cano.

232 2950 311 3007 Tum
323 2949 457 3007 Thetidis
473 2948 576 3006 Peleus
590 2947 727 3006 incensus
741 2948 830 3005 fertur
843 2964 952 3019 amore,

233 3055 297 3106 tum
309 3046 410 3104 Thetis
425 3045 569 3104 humanos
584 3063 645 3103 non
659 3043 794 3120 despexit
808 3044 996 3119 hymenaeos

234 3151 298 3200 tum
309 3142 428 3200 Thetidi
442 3154 524 3218 pater
538 3143 600 3218 ipse
615 3140 777 3217 iugandum
792 3143 879 3199 Pelea
893 3142 992 3207 sensit,

232 3239 261 3300 Ο
275 3240 360 3297 nimis
375 3249 477 3314 optato
492 3241 655 3297 saeclorum
670 3249 803 3314 tempore
818 3239 879 3296 nati

233 3335 346 3408 heroes,
361 3336 477 3407 salvete,
493 3335 584 3393 deum
598 3338 710 3411 genus!
732 3354 751 3393 o
765 3335 844 3393 bona
858 3344 951 3393 mater
963 3337 970 3396 l

231 3451 284 3491 vos
299 3451 354 3508 ego
369 3450 457 3507 saepe
472 3450 539 3490 meo
554 3450 606 3490 vos
621 3432 750 3489 carmine
765 3432 960 3506 compellabo.
1003 3493 1014 3507 ,

232 3530 336 3604 Teque
350 3528 427 3586 adeo
443 3529 548 3586 eximie
562 3528 656 3587 taedis
671 3529 802 3587 felicibus
817 3538 903 3586 aucte

232 3625 400 3683 Thessaliae
415 3625 551 3683 columen
567 3625 666 3698 Peleu,
681 3626 730 3683 cui
745 3625 877 3700 Iuppiter
890 3626 962 3702 ipse,

232 3721 296 3797 ipse
310 3740 378 3781 suos
392 3720 493 3780 divum
507 3722 622 3798 genitor
635 3723 782 3780 concessit
797 3740 920 3782 amores.

232 3819 317 3879 Tene
330 3819 431 3878 Thetis
446 3819 539 3879 tenuit
551 3819 747 3895 pulcherrima
760 3819 953 3896 Neptuniae?
