2558 4230
138 363 199 412 110
490 348 532 413 P.
561 347 704 412 Ovidius
726 349 826 413 Nasu.

253 531 349 590 omnis
364 530 417 590 erit
431 531 493 590 sine
507 541 536 591 te
551 525 690 608 litigiosus
708 551 784 608 ager.

214 629 302 687 Nulla
315 629 367 687 tibi
381 631 501 688 ambitio
516 640 569 702 est,
584 630 662 688 nullo
678 629 871 706 corrumperis
889 648 970 690 auro.

254 727 396 801 Legitima
410 745 505 785 servas
520 727 632 785 credita
645 747 709 785 rura
723 727 791 786 lide.

213 822 242 882 Si
256 833 287 880 tu
301 825 445 899 signasses
460 825 529 882 olim
543 825 720 900 Thyreatida
734 836 848 896 terram,

252 938 376 996 corpora
389 939 450 978 non
464 921 523 979 leto
538 922 625 980 missa
639 932 770 980 trecenta
784 925 888 994 forent,

212 1035 269 1075 nec
283 1019 357 1075 soret
373 1018 537 1094 Othryades
553 1021 699 1094 congestis
715 1021 807 1077 lectus
823 1021 851 1077 in
867 1022 962 1080 armis

254 1116 281 1174 O
297 1124 438 1190 quantum
453 1117 562 1191 patriae
577 1117 724 1192 sanguinis
740 1118 785 1174 ille
801 1118 904 1177 dedit!

213 1212 303 1287 Quid,
318 1231 395 1270 nova
410 1196 477 1270 curn
492 1213 594 1271 fierent
609 1215 774 1288 Capitolia?
794 1234 902 1290 nempe
917 1215 1042 1274 deorum

253 1321 360 1368 cuncta
375 1311 439 1368 Iovi
454 1312 540 1367 cessit
555 1313 646 1383 turba,
662 1313 819 1387 locumque
834 1313 926 1371 dedit.

211 1409 375 1479 Terminus,
391 1417 423 1465 ut
437 1418 549 1465 veteres
567 1421 737 1481 memorant,
754 1411 887 1468 inventus
901 1411 931 1468 in
945 1411 1020 1468 aede
1118 1395 1120 1398 Α

251 1507 354 1564 restitit
369 1516 398 1563 et
413 1525 520 1580 magno
539 1525 605 1564 cum
621 1508 691 1564 Iove
707 1508 817 1583 templa
830 1518 919 1565 tenet.

213 1605 302 1663 Nunc
316 1623 444 1678 quoque,
461 1622 491 1661 se
507 1622 594 1678 supra
609 1622 646 1660 ne
664 1604 735 1678 quid
750 1606 805 1662 nisi
819 1604 915 1662 sidera
928 1613 1039 1677 cernat,

253 1704 390 1778 exiguum
404 1703 505 1777 templi
519 1712 598 1760 tecta
612 1703 743 1760 foramen
758 1702 875 1759 habent.

212 1802 360 1870 Termine,
378 1811 444 1875 post
458 1800 529 1858 illud
545 1801 643 1857 levitas
657 1800 709 1857 tibi
724 1800 813 1857 libera
827 1818 888 1856 non
904 1808 966 1858 est:

188 1929 195 1942 ·
252 1917 311 1972 qua
325 1899 435 1972 positus
450 1899 535 1955 sueris
551 1899 580 1954 in
595 1898 730 1968 statione,
746 1915 842 1967 mane,

212 2014 268 2053 nec
284 2007 314 2053 tu
329 1996 425 2052 vicino
440 1996 596 2070 quicquam
612 1994 746 2052 concede
761 1994 883 2068 roganti,

252 2112 290 2150 ne
302 2093 417 2150 videare
432 2093 583 2150 hominem
600 2092 802 2166 praeposuisse
818 2092 900 2149 Iovi:

212 2200 242 2249 et
256 2209 307 2248 seu
322 2191 496 2261 vomeribus
512 2210 563 2248 seu
579 2199 610 2247 tu
626 2190 776 2264 pulsabere
791 2189 896 2259 rastris,

253 2288 379 2345 clamato
394 2291 477 2345 ‘tuus
492 2299 535 2345 est
550 2288 597 2345 hic
613 2306 690 2362 ager,
707 2287 753 2345 ille
770 2305 838 2343 suus
852 2287 894 2343 !”

213 2385 265 2442 Est
279 2385 334 2455 via,
350 2403 424 2459 quae
441 2385 583 2459 populum
600 2385 760 2442 Laurentes
775 2383 855 2440 ducit
870 2382 900 2440 in
914 2401 1008 2458 agros,

252 2481 403 2556 quondam
419 2482 568 2539 Dardanio
583 2501 671 2556 regna
687 2482 777 2556 petita
791 2480 869 2538 duci.

213 2578 266 2636 Illa
280 2579 398 2652 lanigeri
416 2579 530 2652 pecoris
544 2580 606 2650 tibi,
621 2579 768 2648 Termine,
784 2578 862 2635 fibris

253 2693 333 2731 sacra
348 2674 428 2731 videt
442 2675 503 2732 fieri
518 2687 616 2733 sextus
630 2677 667 2733 ab
683 2676 754 2732 urbe
769 2675 850 2749 lapis.

130 2819 133 2826 .
213 2771 358 2830 Gentibus
373 2780 416 2829 est
431 2772 492 2829 aliis
507 2772 590 2829 tellus
605 2772 674 2830 data
688 2772 777 2829 limite
794 2780 892 2828 certo:

252 2868 406 2926 Romanae
421 2868 546 2944 spatium
561 2879 606 2926 est
619 2869 697 2927 urbis
712 2877 741 2926 et
755 2868 832 2926 orbis
846 2866 936 2928 idem.

592 3089 730 3118 —000—

613 3270 700 3327 VIII.

504 3414 602 3464 FASTI
626 3415 657 3462 V.
694 3413 813 3476 183-228.

214 3547 351 3617 ‘Marna
367 3544 447 3619 ades,
464 3547 576 3618 florum,
592 3547 666 3605 ludis
681 3545 858 3606 celebranda
871 3547 999 3607 iocosisl

254 3645 430 3703 Distuleram
445 3656 541 3721 partes
556 3665 656 3704 mense
671 3648 766 3721 priore
781 3656 854 3704 tuas.

214 3741 324 3817 Incipis
338 3743 438 3817 Aprili,
452 3744 554 3800 transis
569 3744 598 3800 in
612 3753 746 3819 tempora
760 3743 831 3802 Mai.

249 3838 334 3896 Alter
346 3847 375 3898 te
389 3839 513 3917 fugiens,
528 3859 598 3899 curn
610 3841 701 3915 venit,
715 3841 784 3900 alter
798 3839 896 3898 habet
