2558 4230
109 338 169 385 112

378 358 383 373 ·
464 323 506 387 P.
535 322 677 386 Ovidius
699 323 799 387 Naso.

226 507 321 566 Unius
335 506 419 566 tellus
433 516 500 565 ante
515 507 620 566 coloris
635 515 704 567 erat.

186 604 283 662 Prima
295 605 489 680 Therapnaeo
503 606 560 663 feci
574 588 612 664 de
627 605 767 681 sanguine
782 604 893 677 florem,

226 710 257 759 et
271 712 369 760 manet
383 702 412 759 in
427 701 496 760 folio
512 703 618 779 scripta
633 703 762 778 querella
775 721 838 760 suo,

185 801 232 858 Tu
246 818 365 875 quoque
379 819 489 858 nomen
504 800 594 858 habes
610 801 712 872 cultos,
728 801 874 871 Narcisse‚
889 818 942 875 per
955 799 1066 872 hortos,

225 898 333 970 infelix,
349 897 431 973 quod
445 917 506 956 non
519 898 591 955 alter
604 910 634 956 et
648 899 719 956 alter
733 917 804 956 eras

185 994 266 1069 Quid
282 996 410 1067 Crocon,
425 1006 475 1053 aut
488 995 568 1053 Attin
583 996 714 1067 referam,
731 995 895 1070 Cinyraque
910 1003 1049 1068 creatum,
1072 1003 1106 1050 45

225 1092 263 1150 de
278 1111 402 1167 quorum
418 1110 471 1169 per
484 1111 532 1150 me
546 1093 663 1150 volnere
679 1093 768 1168 surgit
781 1092 897 1152 honor?

571 1281 692 1344 261-274.

185 1397 317 1456 Forsitan
331 1399 361 1456 in
375 1399 481 1456 teneris
495 1408 608 1456 tantum
623 1417 689 1455 mea
702 1416 792 1472 regna
805 1397 922 1458 coronis

224 1513 288 1553 esse
302 1506 396 1570 putes.
438 1497 545 1570 Tangit
559 1514 669 1553 numen
683 1505 712 1553 et
726 1514 794 1553 arva
808 1514 917 1555 meum.

183 1591 213 1652 Si
225 1592 302 1650 bene
317 1592 465 1650 floruerint
478 1603 601 1668 segetes
617 1593 670 1650 erit
684 1611 752 1650 area
766 1593 866 1652 dives:

224 1689 248 1747 si
262 1690 337 1747 bene
352 1690 478 1748 floruerit
492 1691 585 1761 vinea,
601 1690 735 1748 Bacchus
751 1691 812 1762 erit,

183 1787 208 1845 si
222 1787 297 1844 bene
312 1787 458 1845 floruerint
472 1789 565 1860 oleae,
579 1788 768 1847 nitidissimus
783 1808 894 1847 annus:

223 1902 370 1960 pomaque
385 1897 559 1961 proventum
573 1887 712 1960 temporis
727 1886 811 1944 huius
827 1887 944 1946 babent.

184 1982 269 2040 Flore
284 1984 374 2041 semel
388 1984 467 2041 laeso
482 1995 605 2059 pereunt
618 1984 769 2059 viciaeque
783 1985 937 2060 fabaeque,

223 2089 253 2138 et
266 2091 389 2156 pereunt
402 2082 504 2153 lenteS,
519 2082 633 2139 advena
648 2083 724 2153 Nile,
739 2091 815 2140 tuae.

181 2179 258 2236 Vina
271 2198 389 2254 quoque
404 2180 434 2237 in
449 2180 561 2254 magnis
576 2198 700 2254 operose
715 2179 836 2237 condita
850 2181 930 2239 cellis
1068 2191 1101 2238 55

222 2277 334 2349 florent,
350 2287 379 2336 et
393 2278 517 2336 nebulae
532 2277 610 2335 dolia
624 2296 739 2336 summa
753 2287 863 2353 tegunt.

182 2375 273 2432 Mella
287 2395 386 2434 meum
401 2395 516 2434 munus.
558 2376 699 2434 Volucres
715 2395 770 2451 ego
785 2377 871 2434 mella
885 2376 1000 2436 daturas

223 2473 260 2531 ad
274 2475 381 2532 violam
395 2484 424 2532 et
439 2476 544 2549 cytisos
560 2483 590 2531 et
603 2474 703 2549 thyma
717 2493 791 2531 cana
805 2493 889 2533 voco.

182 2571 247 2628 Nos
261 2589 378 2646 quoque
393 2570 473 2628 idem
487 2572 608 2629 facimus
623 2582 702 2642 tunc,
718 2590 786 2628 eum
801 2572 980 2632 iuvenalibus
993 2574 1077 2632 annis

221 2667 364 2725 luxuriant
377 2668 476 2741 animi,
491 2687 672 2744 corporaque
688 2669 751 2744 ipsa
764 2669 884 2744 vigent)
1068 2669 1101 2716 ⁶0

601 3197 654 3255 IX.

502 3373 649 3423 TRISTIA.
682 3374 704 3423 1.
721 3373 745 3423 6.

179 3537 248 3595 Nae
260 3545 372 3595 tantum
386 3536 482 3596 Clario
498 3536 579 3612 Lyde
594 3537 702 3595 dilecta
715 3545 831 3612 poetae,

218 3651 274 3691 nec
288 3642 401 3691 tantum
415 3634 480 3692 Coo
495 3634 578 3692 Bittis
594 3646 690 3692 amata
704 3653 758 3692 suo
773 3643 825 3706 est,

177 3731 345 3808 pectoribus
360 3741 500 3806 quantum
514 3741 546 3790 tu
559 3732 673 3804 nostris,
688 3750 769 3801 uxor,
784 3731 929 3806 inhaeres,

217 3826 306 3904 digna
318 3828 415 3888 minus
428 3829 545 3904 misero,
558 3847 620 3888 non
633 3829 752 3887 meliore
765 3829 837 3887 viru.
