2558 4230
108 349 153 426 64
488 346 614 411 Tibulli
635 345 782 430 Elegiae.
1104 361 1164 428 [vn

88 509 100 553 ’ὦ
229 529 287 589 iam
301 531 354 590 tibi
368 529 517 607 praedico,
532 532 652 590 barbare
666 533 774 603 Turne,
789 549 904 591 necem.

188 628 265 686 Ante
280 629 380 686 oculos
397 629 524 686 Laurens
539 638 665 686 castrum
679 646 835 702 murusque
851 627 953 687 Lavini
967 638 1012 688 est
1073 638 1102 686 45

228 725 361 800 Albaque
375 726 412 784 ab
427 726 553 783 Ascanio
569 725 690 783 condita
703 725 792 800 longa
806 724 892 784 duce.
1108 724 1160 783 (50)

188 823 232 880 Te
248 840 366 897 quoque
382 823 439 880 iam
453 822 548 894 vide0,
565 823 653 880 Marti
667 823 808 897 placitura
822 822 960 881 sacerdos

230 919 291 989 Ilia,
306 920 437 977 Vestales
451 919 612 977 deseruisse
628 921 719 977 socos.

90 1019 92 1023 ’
188 1015 306 1090 Carpite
321 1035 409 1088 nunc,
425 1017 506 1087 tauri,
522 1015 560 1073 de
576 1024 690 1090 septem
704 1016 852 1074 montibus
866 1017 980 1090 herbas,
1108 1015 1158 1074 (55)

229 1113 300 1171 dum
314 1113 400 1171 licet:
424 1113 471 1170 hic
486 1131 608 1188 magnae
624 1114 681 1170 iam
696 1114 777 1170 locus
791 1113 870 1171 urbis
884 1113 947 1173 erit.
1073 1122 1103 1171 50

188 1210 295 1282 Roma,
311 1220 392 1267 tuum
407 1229 516 1268 nomen
530 1211 611 1268 tenis
626 1211 710 1268 fatale
724 1210 869 1286 regendis,

227 1327 287 1384 qua
301 1328 353 1367 sua
366 1309 404 1367 de
420 1310 502 1367 caelo
518 1310 657 1385 prospicit
672 1328 738 1367 arva
752 1310 851 1381 Ceres,

187 1424 304 1481 quaque
319 1416 421 1482 patent
435 1416 514 1464 ortus
529 1416 558 1464 et
573 1425 631 1481 qua
644 1406 821 1464 fluitantibus
836 1405 922 1465 undis

229 1504 296 1562 solis
310 1504 479 1567 anhelantes
494 1504 583 1561 abluit
597 1503 690 1560 amnis
705 1522 806 1578 equos

186 1600 276 1658 Troia
289 1600 411 1675 quidem
425 1611 495 1659 tunc
510 1619 540 1659 se
555 1600 703 1658 mirabitur
718 1610 747 1658 et
762 1600 816 1658 sibi
830 1599 910 1659 dicet

226 1717 278 1756 vos
292 1698 368 1756 bene
383 1708 442 1756 tam
456 1699 543 1773 longa
558 1699 735 1756 consuluisse
750 1699 804 1756 via.

186 1795 264 1852 Vera
279 1814 372 1853 cano:
395 1796 436 1853 sic
450 1815 542 1871 usque
557 1814 653 1853 sacras
668 1796 786 1854 innoxia
799 1796 895 1855 laurus

226 1910 336 1963 vescar,
354 1901 383 1950 et
397 1902 547 1950 aeternum
561 1893 596 1951 sit
610 1893 681 1950 mihi
694 1893 860 1968 virginitas!

187 1990 275 2048 Haec
290 1990 398 2047 cecinit
411 2000 491 2048 vates
506 2000 536 2047 et
549 1998 578 2047 te
594 1991 657 2061 sibi,
673 1990 802 2062 Phoebe,
817 1991 940 2064 vocavit,

228 2087 343 2144 iactavit
358 2088 434 2145 fusas
449 2096 478 2144 et
493 2097 580 2162 caput
594 2097 661 2144 ante
677 2105 785 2146 comas

187 2183 337 2259 Quicquid
351 2185 514 2256 Amalthea,
530 2184 669 2260 quicquid
685 2185 847 2259 Marpessia
860 2183 941 2258 dixit,

227 2282 389 2357 Herophile
406 2283 527 2341 Phoebo
542 2292 622 2358 grata
635 2282 716 2357 quod
732 2283 893 2355 admonuit,
921 2266 924 2272 ¹

185 2397 317 2454 quasque
332 2381 445 2438 Albana
460 2399 554 2438 sacras
569 2380 681 2438 Tiberis
696 2398 749 2454 per
763 2379 881 2438 flumina
895 2390 988 2441 sortes

226 2478 346 2551 portarit
361 2479 442 2535 sicco
457 2478 663 2552 pertuleritque
678 2478 762 2535 sinu:

190 2572 261 2650 (hae
276 2575 336 2631 sore
351 2574 485 2632 dixerunt
499 2575 566 2632 belli
582 2575 657 2631 mala
671 2575 761 2650 signa,
777 2586 924 2649 cometen,

225 2672 332 2729 multus
346 2682 377 2729 ut
392 2672 421 2728 in
436 2682 523 2729 terras
538 2671 747 2747 deplueretque
763 2673 852 2747 lapis:

184 2777 272 2842 atque
287 2770 370 2827 tubas
385 2779 471 2844 atque
486 2788 566 2826 arma
580 2770 676 2826 ferunt
691 2769 870 2844 strepitantia
885 2771 967 2830 caelo

224 2865 324 2924 audita
338 2876 367 2924 et
381 2867 462 2924 lucos
477 2867 673 2941 praecinuisse
688 2868 805 2944 fugam3

185 2972 214 3020 et
229 2964 382 3021 simulacra
396 2964 485 3021 deum
499 2964 631 3021 lacrimas
646 2964 755 3022 fudisse
770 2975 904 3039 tepentes

224 3061 339 3135 lataque
354 3062 471 3119 vocales
486 3062 703 3137 praemonuisse
718 3062 818 3134 boves,

183 3156 280 3231 ipsum
295 3159 382 3215 etiam
397 3158 493 3216 Solem
507 3158 655 3216 defectum
671 3160 779 3217 lumine
794 3160 866 3219 vidit

224 3255 342 3329 iungere
357 3256 499 3329 pallentes
513 3256 628 3314 nubilus
643 3276 735 3315 annus
751 3258 858 3334 equos)

183 3350 258 3408 haec
273 3353 385 3409 fuerant
400 3354 489 3411 olim:
513 3353 565 3410 sed
580 3364 610 3410 tu
626 3355 683 3411 iam
699 3356 783 3427 mitis,
799 3356 914 3431 Apollo,

223 3448 356 3523 prodigia
370 3449 519 3507 indomitis
535 3469 632 3525 merge
649 3453 702 3510 sub
716 3454 899 3526 aequoribus,

183 3554 213 3603 et
227 3564 370 3603 succensa
384 3547 471 3604 sacris
487 3548 610 3621 crepitet
625 3549 700 3606 bene
715 3549 812 3607 laurea
828 3550 960 3624 flammis

223 3644 322 3700 omine
337 3661 396 3717 quo
411 3644 478 3700 felix
493 3655 521 3701 et
536 3663 617 3702 sacer
631 3664 723 3703 annus
738 3647 800 3705 erit.

183 3740 293 3799 Laurus
309 3741 358 3799 ubi
372 3742 450 3799 bona
464 3743 546 3818 signa
560 3742 651 3815 dedit,
666 3743 791 3818 gaudete
807 3745 923 3804 coloni:

223 3836 371 3896 distendet
385 3839 473 3916 spicis
487 3839 590 3898 horrea
603 3840 691 3916 plena
705 3840 804 3914 Ceres,
