2558 4230
448 323 502 388 De
523 325 651 389 Rerum
674 325 816 389 Natura.

227 507 307 568 unde
321 507 417 568 omnis
430 518 532 569 natura
545 519 624 569 creet
638 528 684 570 res
698 518 796 569 auctet
810 509 925 585 alatque

229 624 325 682 quove
340 606 446 665 eadem
460 626 573 666 rursum
586 617 689 666 natura
702 616 856 684 perempta
868 605 1002 679 resolvat,
1072 611 1102 663 ²5

227 721 303 779 quae
317 721 372 762 nos
386 704 537 762 materiem
552 714 580 762 et
594 704 731 780 genitalia
745 704 869 779 corpora
882 703 969 762 rebus

227 800 383 860 reddunda
396 801 426 858 in
440 802 552 860 ratione
566 820 672 860 vocare
688 812 717 859 et
731 801 844 859 semina
857 819 953 858 rerum

227 899 372 974 appellare
387 897 504 957 su'e'rnus
519 899 636 957 ethaeo
651 897 757 956 eadem
771 916 910 974 usurpare
1107 892 1157 953 (⁶0l

227 1013 352 1071 corpora
364 995 466 1071 prima,
481 995 563 1071 quod
578 1014 615 1054 ex
629 996 682 1054 illis
697 1005 763 1054 sunt
777 996 878 1053 omnia
891 993 1002 1071 primis

268 1094 409 1151 Humana
421 1103 489 1152 ante
504 1094 607 1152 oculos
621 1093 707 1152 soede
722 1111 791 1151 cum
805 1093 863 1150 vita
876 1092 984 1150 iaceret
1071 1101 1101 1147 30

226 1190 257 1248 in
271 1191 351 1248 terris
367 1208 507 1266 oppressa
520 1191 599 1266 gravi
613 1191 668 1248 sub
681 1189 820 1266 religione

227 1305 302 1363 quae
317 1297 407 1362 caput
421 1306 439 1345 a
453 1289 526 1345 caeli
540 1287 708 1362 regionibus
722 1286 899 1346 ostendebat

226 1385 355 1443 horribili
368 1403 456 1461 super
469 1395 590 1460 aspectu
605 1386 772 1443 mortalibus
786 1385 906 1455 instans,
1106 1379 1157 1438 (⁶5)

226 1483 352 1558 primum
367 1484 470 1542 Graius
485 1483 574 1541 homo
589 1483 716 1541 mortalis
731 1482 831 1541 tollere
846 1490 948 1539 contra

226 1588 271 1638 est
284 1581 385 1639 oculos
398 1599 484 1638 ausus
498 1581 666 1656 primusque
680 1580 819 1638 obsistere
834 1588 944 1650 contra,
1071 1584 1100 1632 35

227 1697 316 1753 quem
331 1696 427 1753 neque
442 1679 520 1735 fama
533 1677 623 1736 deum
637 1696 694 1736 nec
708 1677 829 1735 fulmina
842 1694 898 1733 nec
913 1674 1058 1732 minitanti

227 1792 372 1832 murmure
388 1775 562 1849 compressit
577 1775 700 1846 caelum,
716 1773 769 1833 sed
783 1791 820 1831 eo
835 1771 927 1848 magis
940 1790 1039 1829 acrem

227 1871 322 1928 inritat
337 1872 426 1928 animi
439 1872 582 1942 virtutem,
598 1872 749 1946 effringere
765 1880 796 1928 ut
810 1879 871 1927 arta
1106 1865 1156 1923 (70)

226 1976 345 2024 naturae
360 1967 468 2041 primus
482 1975 630 2042 portarum
644 1968 768 2025 claustra
781 1967 903 2042 cupiret.

227 2065 306 2138 Ergo
320 2063 416 2121 vivida
428 2064 471 2122 vis
485 2064 575 2121 animi
589 2065 718 2139 pervicit,
735 2073 764 2122 et
778 2073 859 2122 extra
1069 2073 1100 2116 40

226 2161 368 2236 processit
382 2161 468 2236 longe
483 2161 660 2219 flammantia
674 2163 792 2220 moenia
806 2160 910 2219 mundi

227 2267 314 2333 atque
329 2276 417 2316 omne
432 2259 607 2317 immensum
622 2259 782 2335 peragravit
796 2267 896 2316 mente
910 2256 1077 2332 animoque,

226 2355 305 2414 unde
320 2357 405 2413 refert
419 2356 504 2414 nobis
519 2357 611 2414 victor
624 2355 696 2431 quid
708 2357 800 2431 possit
814 2355 891 2426 oriri,
1104 2349 1155 2410 (75)

227 2453 298 2528 quid
312 2462 448 2528 nequeat,
463 2454 544 2511 finita
557 2463 686 2528 potestas
701 2453 828 2527 denique
843 2453 951 2528 cuique

227 2569 354 2625 quanam
368 2551 404 2608 sit
417 2551 528 2609 ratione
542 2561 630 2626 atque
644 2552 701 2609 alte
716 2551 854 2609 terminus
869 2548 1001 2608 haerens.
1068 2557 1097 2605 45

228 2648 326 2721 Quare
340 2648 439 2723 religio
455 2648 579 2724 pedibus
594 2649 726 2706 subiecta
739 2647 866 2705 vicissim

226 2746 375 2820 opteritur,
390 2764 445 2804 nos
460 2755 602 2820 exaequat
615 2746 736 2804 victoria
749 2745 842 2803 caelo,

268 2841 345 2900 Illud
359 2843 389 2900 in
403 2843 446 2901 his
461 2845 547 2903 rebus
560 2861 671 2914 vereor,
685 2861 723 2900 ne
738 2843 817 2910 forte>
826 2842 914 2900 rearis
1104 2836 1156 2897 (80)

227 2939 307 3016 inpia
320 2950 349 2997 te
363 2940 481 2998 rationis
496 2941 567 2998 inire
582 2940 727 2998 elementa
740 2941 876 3014 viamque

227 3035 381 3112 indugredi
395 3037 521 3108 sceleris,
536 3037 616 3112 quod
631 3046 734 3095 contra
747 3037 862 3113 saepius
877 3035 925 3094 illa
1068 3042 1098 3090 50

227 3134 327 3208 religio
341 3135 454 3208 peperit
468 3134 611 3192 scelerosa
626 3145 712 3210 atque
728 3134 817 3209 impia
830 3134 916 3190 facta.

227 3229 332 3288 Aulide
347 3248 406 3304 quo
421 3241 509 3306 pacto
523 3232 630 3288 Triviai
643 3231 760 3306 virginis
774 3248 854 3288 aram

228 3326 408 3402 Iphianassai
422 3337 572 3403 turparunt
586 3328 725 3402 sanguine
740 3326 827 3384 foede
1103 3322 1155 3380 (85)

227 3421 363 3480 ductores
378 3426 515 3481 Danaum
529 3422 645 3494 delecti,
660 3424 753 3498 prima
766 3424 901 3482 virorum.

228 3519 285 3579 Cui
299 3519 383 3577 simul
397 3520 485 3577 infula
497 3520 641 3595 virgineos
656 3519 837 3578 circumdata
851 3528 987 3595 comptus
1068 3527 1098 3573 55

228 3634 265 3674 ex
278 3626 400 3691 utraque
415 3617 476 3692 pari
492 3619 630 3675 maiarum
645 3626 725 3692 parte
740 3618 893 3692 profusast,

228 3723 258 3771 et
272 3722 415 3771 maestum
429 3714 515 3772 simul
529 3723 596 3772 ante
611 3733 673 3771 aras
688 3714 802 3772 adstare
817 3724 970 3789 parentem

227 3811 317 3870 sensit
330 3819 360 3869 et
374 3810 453 3869 hunc
466 3820 586 3887 propter
599 3811 704 3871 serrum
719 3811 813 3871 celare
828 3811 973 3869 ministros
1104 3807 1155 3864 (90)
