2558 4230
475 324 580 390 Liber
604 322 742 390 Tertius.

159 525 335 594 excepturus
350 530 460 591 aquas:
482 511 752 571 mollitumcetera
764 508 873 585 rumpit
1035 515 1080 550 α»

159 621 247 681 turba
259 614 337 675 vado
352 613 452 672 faciles
467 611 525 670 iam
539 610 622 668 tracti
636 607 762 666 fluminis
776 606 880 664 undas.

160 722 271 781 Caesar
283 730 317 777 ut
329 714 491 785 adversam,
506 719 642 788 superato
660 704 781 781 gurgite,
796 703 890 778 ripam

160 821 265 896 attigit,
280 819 446 895 Hesperiae
459 816 554 875 vetitis
570 822 601 871 et
614 805 745 868 constitit
759 801 850 860 arvis:

163 920 263 990 ‘Hic,‘
277 919 326 990 ait,
341 918 408 977 ‘hie
422 936 528 994 pacem
542 922 741 986 temerataque
757 906 818 963 iura
833 897 986 971 relinquo;

161 1024 202 1086 ie,
212 1016 349 1087 Fortuna,
359 1033 475 1091 sequor.
504 1014 609 1074 Procul
619 1014 686 1070 hinc
697 1011 755 1067 iam
764 1002 885 1063 foedera
893 1004 988 1054 sunto.
1032 999 1076 1049 ⁸05

162 1112 351 1173 Credidimus
365 1114 438 1174 satis.
481 1112 636 1175 Utendum
650 1119 695 1169 est
710 1104 807 1164 iudice
821 1096 917 1158 bello)

545 1397 684 1425 -οοο-

471 1635 578 1684 ursan
599 1633 756 1684 rannus

554 1768 676 1834 3824452·

209 1906 268 1964 lam
282 1904 352 1963 satis
365 1903 423 1961 hoc
438 1903 544 1962 Graiae
558 1900 783 1961 memorandum
797 1903 920 1979 contigit
933 1903 1006 1976 urbi,

168 2012 380 2076 aeternumque
394 1999 495 2071 decus,
510 1999 592 2075 quod
606 2018 666 2058 non
681 2000 813 2075 impulsa,
828 2018 885 2058 nec
899 2001 964 2076 ipso

169 2109 256 2157 strata
269 2108 361 2170 metu,
375 2098 468 2156 tenuit
482 2097 626 2172 flagrantis
640 2098 670 2155 in
685 2098 784 2155 omnia
797 2097 864 2157 belli

170 2196 363 2272 praecipitem
376 2213 510 2253 cursum:
533 2195 680 2269 raptisque
695 2215 713 2253 a
726 2196 852 2254 Caesare
867 2197 991 2268 cunctiS,

169 2294 293 2352 vincitur
303 2311 362 2351 una
372 2311 463 2351 mora.
494 2292 644 2365 Quantum
656 2301 709 2363 est,
721 2294 802 2368 quod
813 2295 872 2351 sata
881 2304 1025 2368 tenentur,
1067 2300 1083 2350 5

171 2390 310 2467 quodque
325 2390 419 2448 virum
434 2391 486 2448 toti
501 2408 660 2465 properans
676 2391 827 2465 imponere
843 2391 955 2450 mundo

171 2487 223 2546 hos
237 2486 336 2562 perdit
351 2487 478 2545 Fortuna
493 2486 556 2544 dies
571 2491 576 2545 l
617 2489 703 2545 Tunc
717 2489 817 2545 omnia
831 2489 887 2546 late

171 2583 367 2660 procumbunt
382 2602 510 2656 nemora,
527 2594 556 2642 et
570 2585 730 2660 spoliantur
743 2587 847 2643 robore
862 2587 968 2646 silvae:

171 2691 211 2753 ut,
225 2700 296 2740 cum
310 2690 386 2739 terra
399 2681 470 2739 levis
485 2680 614 2739 mediam
628 2683 808 2758 virgultaque
823 2684 932 2741 molem

171 2777 361 2854 suspendant,
377 2788 486 2835 structa
501 2779 622 2837 laterum
637 2798 781 2855 compage
795 2781 912 2856 ligatam
1060 2791 1088 2825 ¹0

172 2885 261 2934 arctet
275 2875 408 2946 humum,
425 2892 540 2950 pressus
556 2895 593 2934 ne
610 2877 698 2935 cedat
711 2879 835 2936 turribus
849 2896 945 2953 agger.

173 2973 269 3032 Lucus
284 2982 346 3031 erat
359 2972 448 3048 longo
465 2991 626 3048 numquam
641 2975 764 3033 violatus
778 2976 815 3033 ab
830 2993 912 3048 aevo,

173 3071 329 3129 obscumm
344 3071 464 3145 cingens
483 3072 624 3129 connexis
640 3091 707 3129 aera
720 3074 816 3144 ramis,

173 3178 202 3225 et
213 3167 326 3244 gelidas
340 3167 398 3226 alte
414 3169 556 3227 submotis
573 3171 681 3229 solibus
695 3171 820 3229 umbras.

173 3267 265 3324 Hunc
279 3284 341 3324 non
355 3266 496 3325 ruricolae
515 3270 618 3339 Panes,
634 3288 845 3343 nemorumque
860 3279 995 3345 potentes
1061 3277 1086 3326 15

172 3365 277 3424 Silvani
288 3364 505 3441 Nymphaeque
522 3378 632 3437 tenent,
648 3367 702 3424 sed
715 3369 839 3425 barbara
850 3368 906 3426 ritu

173 3479 255 3518 sacra
268 3460 368 3534 deum,
385 3473 510 3522 structae
527 3464 595 3522 diris
612 3465 746 3523 altaribus
761 3483 826 3522 arae
839 3486 847 3537 ;

173 3560 326 3634 omnisque
343 3561 478 3620 humanis
494 3562 611 3620 lustrata
625 3564 774 3621 cruoribus
789 3563 884 3622 arboe.

173 3656 204 3715 Si
217 3675 276 3732 qua
290 3658 381 3717 fidem
397 3659 502 3719 meruit
515 3678 636 3735 superos
651 3662 752 3718 mirata
766 3670 901 3732 vetustas,

173 3754 227 3814 illis
241 3766 271 3815 et
286 3756 420 3816 volucres
434 3766 568 3816 metuunt
582 3758 711 3816 insistere
726 3757 821 3829 ramis,

177 3861 207 3912 et
218 3853 313 3913 lustris
325 3853 466 3913 recubare
479 3854 578 3915 ferae:
600 3874 659 3916 nec
674 3864 780 3917 ventus
794 3856 828 3918 in
840 3856 906 3919 illas
