2558 4230
111 363 156 426 m]

449 349 621 434 Properat·
641 350 790 434 Elegiae.

174 537 329 596 Postumus
343 536 416 595 alter
429 535 484 595 erit
493 534 626 595 miranda
641 535 768 612 coniuge
785 536 896 597 Ulixes.

212 635 283 693 Non
297 633 337 692 illi
351 634 457 710 longae
471 643 515 693 tot
527 651 657 693 nocuere
672 651 782 705 morae,

174 742 265 790 castra
275 730 385 790 decem
396 750 548 803 annorum,
557 741 587 790 et
598 731 745 791 Ciconum
755 749 841 789 mous
853 732 971 804 Ismara,
982 730 1084 807 Calpe,

212 838 390 905 exustaeque
404 838 473 887 tuae
487 846 565 901 mox,
581 828 770 905 Polypheme,
785 846 887 904 genae,
1058 826 1087 870 ²⁶

173 937 203 985 et
215 927 316 986 Circes
329 925 457 999 fraudes,
470 926 604 1002 lotosque
619 925 785 1001 herbaeque
802 936 930 998 tenaces,

212 1025 365 1101 Scyllaque
380 1034 411 1083 et
424 1025 549 1083 alternas
563 1024 653 1083 scissa
667 1022 831 1100 Charybdis
845 1041 945 1099 aquas,

175 1124 341 1200 Lampeties
357 1124 466 1182 Ithacis
479 1125 604 1182 verubus
620 1122 747 1199 mugisse
762 1123 900 1182 iuvencos

217 1221 352 1298 (paverat
365 1221 419 1280 hos
435 1221 555 1280 Phoebo
569 1221 628 1279 filia
643 1220 826 1297 Lampetie),
1055 1229 1086 1276 ³0

176 1329 204 1377 et
216 1318 377 1377 thalamum
390 1321 507 1377 Aeaeae
521 1318 615 1378 flentis
628 1319 736 1395 fugisse
750 1319 874 1394 puellae,

213 1426 316 1492 totque
331 1416 435 1474 hiemis
448 1427 552 1475 noctes
565 1425 667 1492 totque
681 1425 795 1475 natasse
809 1415 882 1489 dies,

176 1513 370 1590 nigrantisque
385 1512 491 1573 domos
505 1514 667 1572 animarum
681 1514 801 1572 intrasse
816 1514 960 1587 silentum,

214 1611 346 1670 Sirenum
360 1610 449 1670 surdo
463 1612 573 1688 remige
586 1611 681 1670 adisse
692 1612 782 1683 lacus,

177 1717 205 1766 et
216 1718 329 1766 veteres
343 1727 428 1767 arcus
441 1709 501 1767 leto
514 1727 668 1768 renovasse
683 1727 850 1784 procorum,

215 1805 375 1882 errorisque
390 1805 436 1866 sui
449 1806 491 1864 sic
506 1806 639 1865 statuisse
653 1805 785 1865 modum.

179 1903 240 1960 Nec
254 1903 366 1975 frustra,
381 1904 451 1979 quia
464 1912 545 1961 casta
559 1903 640 1961 domi
654 1903 821 1979 persederat
835 1920 916 1963 uxor.

213 2000 312 2058 Vincit
326 2000 491 2076 Penelopes
505 2000 589 2058 Aelia
602 2001 686 2060 Galla
699 2000 799 2059 fidem.

487 2243 559 2301 ΧΗ.
606 2242 659 2320 (n.
678 2241 740 2320 18.)

179 2387 296 2449 Clausus
310 2390 350 2449 ab
363 2389 502 2450 umbroso
516 2409 575 2466 qua
588 2390 661 2448 ludit
675 2400 782 2466 pontus
798 2393 922 2462 Averno,

214 2485 325 2544 fumida
339 2487 474 2545 Baiarum
487 2497 590 2562 stagna
602 2488 729 2562 tepentis
743 2505 845 2563 aquae,

178 2600 232 2658 qua
244 2583 322 2641 iacet
335 2592 365 2641 et
378 2584 484 2642 Troiae
498 2584 617 2642 tubicen
632 2584 764 2643 Misenus
778 2584 896 2657 harena,

214 2689 242 2737 et
255 2688 341 2738 sonat
356 2679 507 2738 Herculeo
521 2689 630 2738 structa
643 2681 743 2739 labore
757 2680 812 2752 via,

178 2773 231 2848 hie,
245 2776 306 2848 ubi,
320 2777 449 2835 mortalis
462 2775 565 2835 dextra
578 2795 647 2836 cum
661 2786 813 2853 quaereret
827 2778 922 2851 urbes,

214 2873 348 2950 cymbala
360 2873 505 2933 Thebano
520 2892 718 2949 concrepuere
733 2874 800 2945 deo,

176 2979 204 3027 at
216 2989 295 3029 nunc
309 2970 418 3029 invisae
433 2989 541 3047 magno
555 2990 624 3030 cum
639 2972 761 3030 crimine
776 2971 873 3042 Baiae,

214 3068 278 3142 quis
292 3066 367 3126 deus
381 3068 412 3125 in
425 3077 520 3126 vestra
533 3068 664 3126 constitit
677 3067 767 3126 hostis
780 3067 877 3142 aqua?

177 3161 217 3222 his
230 3182 346 3241 pressus
361 3165 472 3242 Stygias
486 3166 598 3224 vultum
612 3164 729 3224 demisit
742 3165 772 3222 in
785 3163 888 3237 undas,

214 3272 287 3320 errat
302 3271 332 3320 et
346 3263 375 3320 in
389 3273 485 3321 vestro
499 3263 614 3339 spiritus
628 3263 674 3321 ille
688 3263 762 3321 lacu.

178 3356 254 3434 Quid
268 3378 360 3436 genus
375 3370 424 3418 aut
437 3360 526 3420 virtus
540 3370 590 3420 aut
603 3360 714 3435 optima
727 3360 834 3435 profuit
848 3359 888 3417 illi

214 3466 314 3530 mater,
329 3466 360 3516 et
374 3457 541 3535 amplexum
554 3458 686 3517 Caesaris
701 3475 764 3514 esse
780 3457 884 3515 focos?

178 3563 223 3611 aut
236 3553 329 3615 modo
341 3564 403 3615 tam
416 3557 505 3632 pleno
519 3555 659 3614 fluitantia
672 3555 737 3612 vela
750 3554 864 3612 theatro

214 3660 244 3709 et
256 3670 310 3728 per
322 3662 467 3713 maternas
482 3654 582 3713 omnia
595 3662 677 3729 gesta
690 3653 815 3711 manus?

179 3745 303 3823 Occidit,
317 3759 347 3810 et
361 3750 467 3810 misero
481 3761 599 3810 steterat
613 3750 766 3826 vigesimus
781 3768 893 3810 annus:

215 3853 258 3903 tot
269 3847 346 3904 hona
361 3856 419 3905 tam
430 3865 525 3935 parvo
539 3849 645 3911 clausit
660 3849 693 3912 in
706 3850 781 3913 orbe
796 3849 874 3914 dies.
