2558 4230
398 320 504 387 Liber
526 320 681 402 Quintus.
1025 343 1069 410 47

114 504 241 564 fulminis
256 504 385 565 horribili
399 524 468 566 cum
481 509 569 586 plaga
582 509 692 569 torrida
704 511 788 570 tellus
985 510 1065 570 (1²²0l

114 604 269 662 contremit
284 614 313 662 et
328 622 467 681 magnum
481 618 653 682 percurrunt
667 627 815 666 murmura
829 608 964 668 caelum?

114 703 182 760 Non
196 701 299 777 populi
313 711 476 778 gentesque
490 712 627 776 tremunt,
641 722 783 780 regesque
798 706 916 782 superbi
944 727 989 773 ³90

112 800 272 875 corripiunt
286 798 387 857 divum
402 801 532 874 percussi
548 803 680 862 membra
693 803 807 875 timore,

110 897 222 974 nequid
236 898 277 958 ob
291 895 452 956 admissum
468 897 556 956 foede
573 898 721 958 dictumve
735 901 861 975 superbe

110 1013 274 1072 poenarum
288 1013 375 1071 grave
390 995 427 1053 sit
440 995 573 1054 solvendi
589 1005 705 1072 tempus
719 995 873 1057 adultum?
983 997 1064 1056 (1005)

112 1093 232 1153 Summa
245 1094 334 1152 etiam
348 1112 417 1152 cum
431 1093 473 1151 vis
488 1093 608 1151 violenti
621 1112 675 1169 per
689 1113 767 1153 mare
781 1096 860 1154 venti

111 1189 349 1266 induperatorem
363 1191 461 1250 classis
476 1209 564 1265 super
580 1209 708 1266 aequora
720 1193 806 1250 verrit
942 1202 986 1250 395

111 1304 179 1346 cum
193 1287 295 1346 validis
309 1289 417 1364 pariter
431 1288 594 1364 legionibus
611 1300 698 1364 atque
713 1289 885 1365 elephantis,

110 1402 170 1442 non
185 1384 287 1444 divom
300 1403 407 1461 pacem
421 1387 495 1444 votis
510 1385 572 1444 adit
586 1405 622 1444 ac
635 1405 724 1463 prece
739 1388 851 1462 quaesit

110 1492 264 1540 ventorum
277 1482 398 1558 pavidus
412 1501 501 1558 paces
516 1484 687 1559 animasque
702 1483 856 1556 secundas,
983 1482 1063 1541 (12³0)

109 1581 300 1656 nequiquam,
314 1581 455 1655 quoniam
469 1581 598 1639 violento
613 1583 727 1640 turbine
742 1599 831 1656 saepe

110 1688 261 1752 correptus
274 1678 334 1735 nilo
348 1678 436 1736 fertur
451 1679 547 1737 minus
561 1679 600 1737 ad
615 1678 690 1736 vada
704 1679 775 1737 leti?
941 1690 987 1735 400

110 1775 212 1849 Usque
227 1772 304 1832 adeo
319 1793 365 1833 res
379 1776 521 1834 humanas
536 1777 578 1834 vis
594 1776 693 1834 abdita
707 1775 855 1851 quaedam

111 1872 216 1946 opterit
230 1883 260 1930 et
273 1871 411 1947 pulchros
427 1874 512 1932 fascis
528 1892 687 1949 saevasque
702 1892 819 1932 secures

111 1969 280 2044 proculcare
295 1987 331 2026 ac
346 1968 470 2028 ludibrio
485 1971 540 2030 sibi
556 1971 663 2030 habere
678 1971 801 2030 videtur.
982 1969 1062 2028 (1035)

111 2066 247 2141 Denique
261 2066 318 2125 sub
332 2066 457 2142 pedibus
472 2069 556 2125 tellus
571 2087 640 2127 cum
656 2078 718 2127 tota
730 2069 846 2128 vacillat

112 2181 330 2239 concussaeque
347 2164 457 2222 cadunt
472 2167 557 2224 urbes
572 2165 738 2241 dubiaeque
753 2167 908 2238 minantur,
942 2188 986 2235 405

112 2259 181 2336 quid
195 2261 301 2319 mirum
315 2262 339 2319 si
353 2279 384 2319 se
399 2271 536 2321 temnunt
552 2264 684 2320 mortalia
698 2265 795 2321 saecla

112 2367 197 2433 atque
212 2359 364 2433 potestatis
379 2378 499 2434 magnas
515 2361 659 2436 mirasque
673 2362 820 2436 relinqunt

112 2454 142 2513 in
154 2456 240 2515 rebus
253 2456 320 2514 viris
334 2455 444 2528 divum,
461 2475 536 2532 quae
553 2468 659 2516 cuncta
674 2459 859 2534 gubernent?
981 2453 1062 2513 (1040)

148 2653 187 2709 At
201 2651 352 2727 specimen
367 2651 487 2710 sationis
502 2662 532 2711 et
546 2653 688 2712 insitionis
702 2655 784 2730 origo

111 2746 173 2822 ipsa
185 2749 238 2806 fuit
252 2767 348 2807 rerum
363 2749 489 2824 primum
506 2760 608 2807 natura
622 2752 755 2822 creatrix,
942 2758 986 2805 410

112 2845 258 2904 arboribus
273 2847 412 2921 quoniam
427 2848 520 2905 bacae
536 2847 715 2923 glandesque
732 2848 862 2906 caducae

111 2944 283 3019 tempestiva
296 2943 405 3002 dabant
421 2945 567 3019 pullorum
582 2947 716 3003 examina
730 2956 848 3020 supter3

111 3039 187 3098 unde
203 3041 290 3099 etiam
305 3041 443 3100 libitumst
459 3043 554 3117 stirpis
569 3044 752 3100 committere
767 3042 853 3101 ramis
983 3037 1062 3097 (13⁶5)

113 3147 141 3195 et
154 3156 230 3196 nova
244 3137 384 3197 defodere
399 3139 429 3196 in
445 3149 551 3196 terram
565 3141 687 3215 virgulta
701 3158 753 3214 per
767 3158 859 3215 agros.

111 3235 184 3294 Inde
199 3235 285 3294 aliam
299 3245 387 3311 atque
403 3237 489 3294 aliam
505 3237 647 3294 culturam
661 3237 754 3295 dulcis
769 3237 852 3311 agelli
941 3243 985 3291 415

110 3335 292 3410 temptabant
305 3334 474 3409 fructusque
490 3334 566 3392 feros
581 3351 784 3392 mansuescere
800 3343 905 3392 terram

111 3432 268 3490 cernebant
283 3431 463 3506 indulgendo
478 3431 645 3506 blandeque
659 3429 797 3488 colendo.

111 3528 203 3605 Inque
219 3529 282 3588 dies
297 3529 388 3604 magis
403 3529 432 3585 in
448 3539 579 3586 montem
594 3528 753 3586 succedere
769 3527 853 3586 silvas
982 3522 1062 3581 (1370)

111 3627 255 3702 cogebant
270 3627 400 3702 infraque
414 3627 514 3684 locum
528 3625 693 3684 concedere
709 3625 802 3697 cultiS,

110 3733 191 3798 prata
204 3725 284 3783 lacus
299 3723 373 3781 rivos
388 3732 503 3798 segetes
516 3723 671 3797 vinetaque
686 3722 763 3780 laeta
941 3730 987 3780 ⁴20

113 3821 233 3881 collibus
247 3830 278 3880 et
292 3821 403 3897 campis
418 3829 450 3878 ut
463 3820 614 3893 haberent,
628 3830 715 3895 atque
731 3819 861 3879 olearum
