2558 4230
108 344 170 408 126
455 341 588 407 Lucani
607 343 799 408 Pharsalia.

185 527 265 588 Nam
278 527 322 587 sol
336 545 397 587 non
410 528 508 587 rutilas
522 526 646 587 deduxit
659 528 690 587 in
703 545 832 604 aequora
844 530 948 601 nubes,
1068 538 1097 587 45

184 619 408 701 concordesque
422 627 486 684 tulit
499 625 606 684 radios.
649 627 751 684 Noton
765 627 855 685 altera
869 627 982 686 Phoebi

184 723 274 782 altera
287 741 353 798 pars
367 725 482 781 Borean
496 722 617 780 diducta
631 722 696 781 luce
710 724 843 782 vocabat.

185 821 266 882 Orbe
279 838 397 896 quoque
412 820 566 878 exhaustus
581 819 691 891 medio,
706 820 904 896 languensque
919 822 1050 896 recessit,

185 927 351 993 spectantes
366 918 467 976 oculos
482 917 595 974 infirmo
610 917 720 975 lumine
735 936 856 993 passus:

184 1015 311 1090 lunaque
325 1033 386 1072 non
399 1014 498 1090 gracili
512 1014 633 1072 surrexit
648 1014 746 1072 lucida
762 1034 863 1090 comu,
1070 1025 1102 1074 ⁵⁰

185 1122 235 1170 aut
248 1112 325 1170 orbis
341 1111 430 1169 medii
444 1129 531 1187 puros
546 1128 634 1168 exesa
649 1129 800 1172 recessus:

184 1227 241 1268 nec
255 1208 337 1267 duxit
351 1218 432 1267 recto
446 1218 564 1266 tenuata
579 1210 733 1267 cacumina
749 1229 850 1283 cornu,

183 1317 395 1381 ventorumque
410 1316 480 1364 nota
494 1306 609 1364 rubuit:
632 1315 695 1365 tum
708 1307 801 1365 lurida
814 1309 925 1383 pallens

183 1421 236 1462 ora
248 1403 320 1474 tulit,
335 1402 414 1460 vultu
429 1403 484 1460 sub
498 1403 608 1460 nubem
624 1404 710 1462 tristis
724 1405 808 1464 ituro.

184 1499 244 1561 Sed
257 1501 329 1558 mihi
342 1518 398 1558 nec
412 1511 509 1558 motus
525 1518 689 1572 nemorum,
704 1519 760 1559 nec
774 1503 864 1560 litoris
878 1504 961 1573 ictus,
1071 1513 1102 1561 55

184 1616 242 1657 nec
255 1599 352 1673 placet
366 1599 501 1668 incertuS,
519 1598 569 1673 qui
583 1608 725 1672 provocat
738 1618 874 1674 aequora,
890 1600 1040 1675 Delphin:

184 1705 234 1754 aut
249 1696 360 1753 siccum
375 1695 456 1770 quod
470 1713 585 1770 mergus
602 1705 689 1766 amat,
704 1696 843 1772 quodque
858 1715 928 1756 ausa
941 1698 1039 1756 volare

185 1792 273 1852 ardea
287 1792 425 1863 sublimis,
442 1810 558 1868 pennae
574 1793 687 1851 confisa
700 1795 830 1867 natanti;

185 1889 325 1965 quodque
339 1900 428 1964 caput
443 1907 581 1965 spargens
597 1890 692 1961 undis,
708 1892 785 1949 velut
799 1901 926 1967 occupet
941 1892 1077 1964 imbrem,

184 1988 310 2047 instabili
323 2005 422 2063 gressu
438 1989 554 2045 metitur
570 1988 652 2046 litora
666 1990 777 2046 cornix.
1069 1989 1102 2034 ⁶0

185 2084 244 2144 sed
258 2086 282 2142 si
297 2102 467 2159 magnarum
481 2094 609 2159 poscunt
624 2084 790 2142 discrimina
803 2102 909 2157 rerum,

185 2181 266 2240 haud
279 2182 412 2240 dubitem
427 2181 566 2257 praebere
582 2200 703 2239 manus:
726 2182 771 2239 vel
785 2183 868 2240 litora
881 2193 1000 2258 tangam

184 2280 269 2350 iussa,
285 2280 330 2336 vel
344 2279 403 2337 hoc
417 2279 514 2353 potius
530 2279 651 2354 pelagus
665 2279 806 2354 flatusque
821 2281 990 2354 negabunt?

187 2379 274 2434 Haec
287 2377 370 2448 fatus,
386 2377 560 2451 solvensque
576 2386 677 2447 ratem,
693 2376 744 2434 dat
757 2377 877 2436 carbasa
890 2379 1004 2438 ventis:

79 2537 81 2541 ,
185 2475 362 2550 adquorum
378 2486 475 2533 motus
490 2493 551 2532 non
567 2474 660 2532 solum
675 2474 755 2548 lapsa
769 2491 821 2548 per
835 2475 926 2532 altum
1071 2475 1101 2532 ⁶⁵

185 2593 252 2632 aera
266 2574 413 2649 dispersos
428 2584 539 2631 traxere
555 2571 691 2629 cadentia
704 2573 801 2630 sulcos

184 2672 298 2731 sidera:
321 2672 374 2730 sed
389 2672 510 2730 summis
525 2671 613 2728 etiam
628 2687 704 2744 quae
718 2668 776 2725 fixa
790 2679 926 2728 tenentur

185 2780 261 2829 astra
274 2769 357 2846 polis,
373 2778 441 2827 sunt
453 2770 514 2826 visa
529 2768 617 2842 quati.
660 2767 752 2840 Niger
765 2766 857 2824 inficit
871 2767 973 2825 horror

184 2877 266 2944 terga
279 2869 383 2927 maris:
406 2869 494 2943 longo
509 2885 562 2942 per
576 2866 665 2923 multa
679 2864 827 2921 volumina
840 2873 934 2922 tractu

184 2976 297 3025 aestuat
311 2966 391 3024 unda
404 2967 511 3036 minax,
527 2965 668 3039 flatusque
683 2963 795 3020 incerta
808 2961 893 3019 futuri
906 2980 913 3018 :
1070 2972 1101 3019 70

184 3064 301 3123 turbida
314 3073 455 3122 testantur
468 3072 631 3136 conceptos
645 3078 773 3136 aequora
785 3069 898 3118 ventos.

184 3162 270 3220 Tunc
284 3170 380 3219 rector
393 3159 524 3234 trepidae
539 3160 614 3217 satur
627 3159 713 3216 ratis:
736 3156 893 3231 ‘Adspice
908 3174 1029 3216 saevum

185 3267 295 3334 quanta
307 3266 390 3335 paret
403 3257 532 3333 pelagus.
573 3255 722 3331 Zephyros
739 3253 881 3324 intendat,
897 3262 935 3311 an
950 3255 1055 3327 Euros,

184 3355 328 3414 incertum
343 3363 396 3412 est.
439 3353 566 3427 Puppim
579 3352 684 3411 dubius
699 3353 763 3410 serit
779 3350 910 3426 undique
926 3359 1046 3426 pontus.

185 3452 320 3512 Nubibus
334 3461 364 3510 et
378 3450 463 3509 coelo
478 3451 573 3508 Notus
588 3459 650 3508 est:
673 3450 697 3507 si
712 3466 858 3507 murmura
873 3449 959 3524 ponti
1070 3455 1099 3505 75

185 3549 372 3618 consulimus,
387 3548 456 3607 Cori
470 3556 586 3604 verrunt
599 3563 688 3604 mare.
730 3547 851 3621 Gurgite
866 3554 959 3617 tanto,

185 3663 242 3705 nec
255 3647 322 3704 ratis
339 3645 498 3719 Hesperias
512 3653 620 3718 tanget,
635 3660 691 3700 nec
706 3643 868 3717 naufragus,
883 3659 960 3703 oras.

186 3744 350 3820 Desperare
364 3743 440 3801 viam
455 3752 485 3799 et
498 3741 602 3799 vetitos
618 3749 786 3797 convertere
801 3756 911 3814 cursus,

182 3839 246 3901 sola
258 3838 343 3900 salus.
386 3839 489 3900 Liceat
503 3846 607 3899 vexata
619 3836 703 3897 litora
715 3852 816 3913 puppe
