2558 4230
469 346 597 413 Catulli
623 344 791 413 Carmina.

225 509 327 592 ahnuit
341 501 449 590 invictd
464 510 622 589 caele‘stum
637 511 756 589 numine
770 540 875 603 rector,

226 648 285 705 quo
262 606 382 688 mctli
395 611 479 688 tellus
492 638 582 738 atque
597 608 715 686 horrida
729 596 933 686 cdntremudre

225 745 354 802 aequora
368 702 574 800 cdncussltque
589 704 727 783 micantia
741 702 836 783 stdera
850 704 987 782 mundus.

227 826 295 900 Ipse
309 833 407 882 autem
422 842 513 881 caeca
527 833 657 880 mentem
672 822 795 897 caligine
809 822 943 880 Theseus
971 812 1060 834 “““’

227 921 356 979 consitus
371 921 461 979 oblito
475 920 584 978 dimisit
598 929 718 994 pectore
733 928 849 990 cuncta,

227 1037 302 1094 quac
318 1017 457 1076 mandata
471 1018 549 1093 prius
564 1017 711 1074 constanti
726 1027 824 1073 mente
839 1017 967 1089 tenebat,

227 1115 325 1174 dulcia
338 1133 394 1173 nec
409 1124 521 1172 maesto
536 1115 688 1172 sustollens
703 1114 785 1189 signa
798 1114 912 1187 parenti

228 1213 368 1287 sospitem
384 1211 583 1270 Erechtheum
597 1229 629 1268 se
643 1210 772 1268 ostendit
786 1211 877 1268 visere
892 1219 1019 1284 portum.

229 1311 365 1384 Namque
380 1309 474 1367 ferunt
488 1308 567 1378 olim,
583 1308 667 1365 classi
682 1326 750 1364 cum
765 1308 883 1364 moenia
897 1306 982 1365 divae

228 1407 409 1481 linquentem
423 1415 543 1480 gnatum
557 1405 651 1462 ventis
665 1403 858 1462 concrederet
871 1406 997 1480 Aegeus,

229 1504 296 1562 talia
310 1503 497 1578 complexum
513 1503 608 1560 iuveni
623 1502 760 1559 mandata
775 1500 901 1560 dedisse.

229 1604 344 1661 ‘Gnate
360 1601 430 1658 mihi
445 1602 532 1675 longa
546 1599 701 1658 iocundior
714 1600 800 1657 unice
814 1600 880 1670 vita,

229 1709 325 1776 gnate,
340 1717 396 1774 ego
411 1717 500 1774 quem
516 1699 545 1755 in
560 1698 665 1756 dubios
680 1716 770 1772 cogor
784 1696 930 1755 dimittere
944 1715 1039 1770 casus,

229 1795 343 1854 reddite
358 1797 387 1852 in
402 1808 532 1852 extrema
546 1814 639 1870 nuper
653 1796 724 1852 mihi
738 1796 796 1852 fine
813 1805 960 1866 senectae,

229 1892 470 1969 quandoquidem
485 1894 600 1951 fortuna
615 1912 680 1950 mea
694 1912 729 1950 ac
744 1903 793 1952 tua
808 1892 919 1951 fervida
932 1893 1020 1952 virtus

230 1991 314 2065 eripit
328 1990 417 2047 invito
434 1991 504 2046 mihi
518 2000 556 2061 te,
572 1991 620 2047 cui
635 1989 772 2065 languida
785 1990 919 2048 nondum

228 2088 338 2145 lumina
352 2097 418 2145 sunt
432 2088 510 2162 gnati
525 2107 592 2144 cara
602 2097 727 2146 saturata
740 2089 840 2162 figura,

229 2203 289 2243 non
305 2203 360 2259 ego
374 2194 403 2242 te
418 2185 550 2260 gaudens
565 2186 682 2242 laetanti
696 2196 816 2259 pectore
832 2186 954 2258 mittam,

229 2292 329 2339 necte
345 2283 416 2339 ferre
432 2283 524 2339 sinam
539 2283 669 2340 fortunae
685 2283 767 2357 signa
781 2281 938 2353 secundae,

185 2443 190 2454 ,
230 2379 284 2438 sed
297 2379 423 2454 primum
438 2380 542 2437 multas
557 2398 727 2454 expromam
744 2389 842 2437 mente
858 2379 1009 2454 querellaS,

229 2477 367 2534 canitiem
381 2487 456 2533 terra
469 2486 555 2551 atque
571 2478 665 2535 infuso
680 2477 797 2552 pulvere
812 2475 942 2548 foedanS,

230 2573 299 2631 inde
314 2573 421 2631 infecta
435 2592 508 2648 vago
523 2573 701 2648 suspendam
715 2575 804 2632 lintea
817 2574 904 2645 malO,
942 2633 946 2641 ,

230 2681 344 2729 nostros
359 2681 391 2728 ut
405 2670 498 2728 luctus
513 2681 688 2745 nostraeque
703 2671 840 2728 incendia
856 2671 961 2730 mentis

231 2769 368 2826 carbasus
383 2768 537 2825 obscurata
551 2767 631 2825 dicet
645 2769 788 2842 ferrugine
805 2769 927 2826 Hibera.

232 2865 322 2940 Quod
337 2865 388 2922 tibi
403 2865 428 2922 si
441 2865 535 2922 sancti
549 2866 727 2922 concesserit
741 2866 836 2923 incola
852 2867 938 2938 Itoni,

230 2980 305 3037 quae
320 2972 450 3025 nostrum
465 2980 557 3037 genus
572 2981 607 3019 ac
622 2962 707 3020 sedes
723 2962 884 3021 defendere
900 2963 1041 3023 Erechthi

230 3061 340 3130 annuit,
355 3070 387 3117 ut
400 3060 473 3116 tauri
487 3078 637 3135 respergas
653 3061 792 3135 sanguine
808 3060 949 3133 dextram,

231 3166 292 3213 tum
308 3175 375 3213 vero
391 3157 479 3214 facito
493 3166 524 3214 ut
540 3158 662 3215 memori
677 3159 727 3215 tihi
743 3158 863 3215 condita
877 3158 967 3216 corde

231 3253 305 3311 haec
320 3254 435 3328 vigeant
449 3253 596 3325 mandata,
612 3273 667 3311 nec
681 3255 740 3312 ulla
754 3256 899 3314 oblitteret
914 3266 1012 3330 aetas;

231 3359 263 3408 ut
277 3350 361 3407 simul
376 3369 411 3406 ac
426 3359 539 3408 nostros
554 3352 677 3409 invisent
692 3352 801 3409 lumina
816 3354 905 3424 colliS,

230 3446 374 3504 funestam
389 3456 533 3503 antennae
549 3446 700 3521 deponant
715 3449 845 3523 undique
860 3460 982 3522 vestem,

231 3543 416 3618 candidaque
432 3543 528 3600 intorti
544 3544 693 3601 sustollant
707 3545 771 3601 vela
785 3545 932 3616 rudentes

231 3658 320 3714 quam
334 3640 461 3714 primum
476 3658 598 3698 cernens
612 3651 643 3698 ut
658 3641 734 3699 laeta
747 3641 855 3716 gaudia
869 3654 968 3701 mente

232 3753 401 3821 agnoscam,
417 3754 486 3793 cum
500 3745 529 3793 te
543 3735 683 3794 reducem
698 3747 777 3796 aetas
792 3757 932 3815 prospera
946 3739 1047 3798 sistet!

232 3831 320 3889 Haec
335 3831 472 3889 mandata
485 3833 563 3908 prius
578 3835 721 3892 constanti
736 3846 834 3893 mente
849 3846 1000 3894 tenentem
