2558 4230
110 330 169 392 108

465 328 506 394 P.
535 327 679 392 Ovidius
701 328 800 391 Nasu.

227 523 256 572 et
270 513 375 571 tacitae
390 513 485 588 questi
500 523 631 588 tempore
647 513 741 570 noctis
757 511 811 583 avi,

185 629 295 687 perque
310 612 370 668 vias
385 611 463 668 urbis
479 611 635 684 Latiosque
650 610 773 667 ululasse
788 627 841 684 per
854 626 938 684 agros

226 709 372 767 deformes
387 709 506 779 animas
521 708 622 782 volgus
637 708 733 778 inane,
749 708 851 764 ferunt.

186 809 256 864 Post
270 826 306 865 ea
319 807 464 881 praeteriti
479 805 594 862 tumulis
609 804 770 861 redduntur
784 805 918 875 honores,

225 905 422 980 prodigiisque
437 904 515 960 venit
531 902 736 976 funeribusque
753 901 867 959 modus.

186 1004 267 1060 Dum
282 1014 379 1060 tamen
395 1003 467 1058 baec
483 1002 564 1070 fiunt,
580 999 685 1056 viduae
701 1010 812 1057 cessate
829 999 961 1074 puellae:
1074 1006 1103 1053 25

225 1112 362 1175 expectet
376 1118 463 1175 puros
479 1100 567 1173 pinea
583 1098 669 1155 taeda
684 1097 756 1155 dies.

186 1199 253 1256 Nec
267 1199 328 1268 tibi,
344 1217 418 1273 quae
434 1197 557 1273 cupidae
575 1207 686 1253 matura
700 1195 837 1253 videbere
852 1194 945 1267 matri,

226 1308 324 1353 comat
338 1297 478 1371 virgineas
493 1297 574 1353 hasta
588 1314 708 1352 recurva
722 1313 831 1351 comas.

186 1393 291 1451 Conde
306 1405 377 1464 tuas
395 1396 578 1468 Hymenaee,
594 1394 672 1462 facis,
689 1403 717 1449 et
732 1392 769 1450 ab
784 1392 897 1466 ignibus
912 1391 977 1448 atris

226 1492 324 1548 aufer!
346 1492 455 1549 habent
470 1491 538 1547 alias
554 1502 664 1548 maesta
678 1490 811 1565 sepulcra
825 1491 913 1546 faces,
1073 1499 1105 1543 30

186 1589 226 1646 Di
240 1607 358 1664 quoque
373 1589 547 1663 templorum
564 1589 672 1646 loribus
688 1589 818 1645 celentur
831 1588 948 1662 opertis

226 1697 287 1743 ture
302 1697 406 1743 vacent
420 1705 496 1756 arae,
511 1697 644 1760 stentque
660 1687 721 1742 sine
737 1687 804 1760 igne
819 1686 886 1743 foci.

186 1783 274 1840 Nunc
288 1783 402 1840 animae
418 1795 519 1840 tenues
535 1793 564 1840 et
579 1802 703 1858 corpora
718 1784 816 1840 functa
831 1783 969 1857 sepulcris

226 1890 328 1949 errant,
344 1899 422 1936 nunc
437 1881 532 1954 posito
548 1881 675 1954 pascitur
688 1880 791 1938 umbra
806 1881 882 1938 cibo,

185 1977 251 2034 Nec
266 1987 363 2033 tannen
379 1978 451 2033 haec
468 1978 547 2046 ultra,
565 1996 653 2051 quarn
669 1988 712 2034 tot
726 1977 763 2034 de
780 1995 880 2034 mense
896 1977 1041 2052 supersint
1073 1986 1103 2033 35

225 2075 344 2144 luciferi,
359 2086 430 2148 quot
445 2075 553 2131 habent
568 2076 697 2131 carmina
712 2085 809 2131 nostra
825 2072 926 2148 pedes

186 2173 284 2241 Hanc,
300 2172 367 2246 quia
381 2172 454 2228 iusta
469 2173 571 2242 ferunt,
588 2171 686 2229 dixere
703 2171 814 2228 Feralia
827 2171 934 2230 lucem.

225 2268 335 2328 Ultima
348 2268 498 2344 placandis
514 2269 647 2326 manibus
662 2269 709 2326 illa
723 2268 795 2327 dies,

561 2536 698 2563 —000—

592 2738 663 2796 VII.

475 2898 573 2948 FASTI
596 2899 631 2946 ΙΙ.
665 2897 787 2962 617—684.

184 3046 324 3103 Pnoxnrn
338 3046 455 3120 cognati
470 3045 567 3103 dixere
583 3045 705 3104 Caristia
719 3047 787 3117 cari,

223 3153 252 3199 et
266 3144 344 3200 venit
359 3143 396 3200 ad
412 3144 507 3200 socios
523 3143 606 3200 turba
620 3144 785 3217 propinqua
799 3143 880 3200 deos.

183 3238 298 3296 Scilicet
313 3258 330 3295 a
344 3240 460 3297 tumulis
477 3240 569 3314 etqui
584 3241 704 3314 periere,
720 3240 891 3315 propinquis

222 3337 352 3410 protinus
367 3337 405 3394 ad
420 3338 499 3394 vivos
515 3356 565 3394 ora
579 3338 683 3395 referre
698 3338 783 3407 iuvat,

181 3443 307 3508 postque
321 3443 365 3491 tot
379 3435 498 3491 amissos
514 3433 654 3508 quicquid
668 3434 706 3491 de
722 3434 862 3509 sanguine
876 3442 975 3505 restat,
1083 3442 1098 3490 5

222 3532 361 3604 aspicere,
378 3540 407 3587 et
420 3532 533 3605 generis
548 3531 730 3588 dinumerare
745 3530 859 3605 gradus.

182 3627 308 3685 Innocui
321 3628 458 3700 veniant;
481 3628 583 3702 procul
598 3628 675 3698 hinc,
691 3628 792 3702 procul
808 3628 902 3702 inpius
918 3636 982 3686 esto

220 3724 315 3795 frater,
330 3734 360 3782 et
374 3725 403 3782 in
418 3735 515 3799 partus
530 3735 623 3782 mater
638 3726 743 3783 acerba
756 3743 833 3796 suos,

182 3820 230 3879 cui
242 3830 327 3897 pater
340 3830 384 3880 est
398 3823 490 3895 vivax,
505 3823 555 3898 qui
569 3823 666 3880 matris
681 3822 784 3898 digerit
798 3841 901 3895 annos,
