2558 4230
110 349 150 416 ¹1¹·]

534 332 632 399 Fasti
650 333 677 399 J.

168 521 248 578 Haec
261 537 319 597 ego
334 537 405 578 cum
419 518 542 596 sumptis
556 519 695 595 agitarem
709 527 808 579 mente
823 519 944 594 tabellis,

201 617 324 676 lucidior
336 617 399 676 visa
413 626 466 689 est,
481 635 570 692 quam
584 617 636 675 luit
650 627 728 690 ante,
743 618 858 676 domus.

166 716 243 774 Tunc
257 733 342 773 sacer
355 714 477 791 ancipiti
491 714 640 773 mirandus
655 716 781 790 imagine
797 717 886 774 Ianus
1047 723 1077 771 95

200 813 268 871 bina
280 830 388 887 repens
403 812 495 870 oculis
509 812 614 870 obtulit
628 830 679 870 ora
692 813 773 870 meis

166 910 306 986 Obstipui,
321 911 459 984 sensique
475 919 554 967 metu
569 909 689 984 riguisse
704 910 834 985 capillos,

201 1017 230 1065 et
242 1008 375 1083 gelidum
389 994 485 1065 subito
501 1006 604 1082 frigore
618 1017 722 1082 pectus
737 1018 806 1066 erat.

166 1104 212 1163 Ille
226 1115 331 1163 tenens
345 1104 483 1162 baculum
499 1103 601 1162 dextra
615 1105 784 1179 clavemque
800 1104 913 1163 sinistra

201 1201 293 1260 edidit
308 1201 363 1259 hos
378 1201 462 1259 nobis
477 1218 527 1259 ore
543 1202 638 1276 priore
654 1220 760 1260 sonos:
1034 1211 1077 1246 100

166 1299 259 1357 ‘disce
273 1309 355 1356 metu
369 1299 477 1375 positu,
491 1309 571 1356 vates
586 1317 710 1373 operose
726 1299 848 1372 dierum,

200 1398 281 1472 quod
295 1398 381 1472 petis,
397 1407 427 1454 et
441 1415 530 1455 voces
545 1398 665 1473 percipe
680 1408 779 1456 mente
795 1417 885 1458 meas.

166 1496 213 1553 Me
227 1495 326 1555 Chaos
341 1495 452 1570 antiqui
461 1513 579 1552 -nam
594 1513 658 1552 sum
673 1514 718 1553 res
735 1496 1040 1570 prisca-vocabant.

200 1594 318 1668 Aspice,
334 1611 424 1667 quarn
438 1593 517 1668 longi
533 1593 671 1667 temporis
687 1603 753 1649 acta
766 1611 879 1652 canam.

166 1690 290 1750 Lucidus
305 1691 353 1747 hic
368 1709 425 1760 aer,
441 1701 470 1748 et
484 1708 559 1765 quae
574 1690 628 1746 tria
642 1707 765 1764 corpora
778 1700 896 1765 restant,
1035 1700 1075 1747 105

201 1789 284 1864 ignis,
300 1807 403 1864 aquae,
420 1789 513 1858 tellus,
528 1806 602 1844 unus
617 1806 737 1844 acervus
752 1798 821 1846 erat.

166 1885 204 1946 Ut
216 1887 307 1944 semel
322 1887 396 1944 haec
410 1904 506 1943 rerum
520 1886 640 1943 secessit
654 1885 703 1941 lite
718 1904 844 1958 suarum,

201 1985 289 2060 inque
304 2003 395 2041 novas
409 1984 480 2041 abiit
494 2002 590 2040 massa
605 1984 698 2041 soluta
713 1983 828 2054 domos,

166 2080 278 2140 flamma
292 2083 366 2157 petit
380 2081 480 2152 altum,
495 2082 615 2156 propior
631 2082 712 2138 locus
727 2082 794 2139 aera
808 2082 906 2156 cepit:

202 2179 341 2237 sederunt
356 2178 455 2237 medio
470 2190 546 2236 terra
560 2178 724 2252 fretumque
739 2180 810 2237 solo¹
1037 2189 1079 2222 11⁰

166 2277 246 2334 Tunc
261 2295 327 2352 eg0,
343 2277 393 2351 qui
408 2277 518 2333 fueram
533 2276 636 2350 globus
651 2286 680 2333 et
696 2276 758 2332 sine
774 2276 898 2351 imagine
914 2277 1016 2349 moles,

201 2375 352 2432 infaciem
366 2374 439 2432 redii
454 2373 601 2448 dignaque
617 2373 748 2430 membra
763 2373 829 2432 de0.

167 2473 249 2530 Nunc
265 2489 392 2547 quoque,
408 2470 549 2528 confusae
564 2470 714 2544 quondam
730 2481 800 2526 nota
814 2489 903 2545 parva
917 2471 1036 2546 figurae,

201 2579 269 2628 ante
284 2568 366 2645 quod
381 2578 424 2627 est
438 2569 467 2626 in
483 2586 531 2624 me
546 2579 682 2643 postque,
698 2567 812 2624 videtur
826 2568 915 2627 idem.

166 2667 283 2742 Accipe,
298 2667 446 2742 quaesitae
461 2684 537 2741 quae
552 2684 640 2722 causa
653 2665 689 2721 sit
703 2665 792 2721 alteru
806 2665 923 2738 somnae,
1037 2673 1077 2719 115

202 2763 279 2822 hanc
293 2763 379 2822 simul
393 2774 425 2821 ut
439 2764 517 2820 noris
533 2762 721 2836 officiumque
737 2781 845 2819 meum.

167 2861 313 2936 Quicquid
328 2861 436 2937 ubique
451 2860 543 2931 vides,
559 2862 683 2930 caelum,
698 2878 787 2929 mare,
802 2859 908 2929 nubila,
924 2869 1012 2917 terras

202 2960 302 3017 omnia
315 2969 383 3018 sunt
396 2969 495 3017 nostra
509 2959 608 3015 clausa
621 2967 780 3032 patentque
796 2975 894 3014 mauu.

166 3055 214 3114 Me
228 3074 320 3132 penes
335 3066 379 3114 est
392 3075 484 3114 unum
499 3056 571 3112 vasti
586 3054 720 3112 custodia
733 3053 844 3123 mundi,

202 3163 231 3211 et
245 3154 289 3211 ius
302 3152 434 3212 vertendi
449 3152 575 3210 cardinis
590 3170 678 3209 omne
693 3170 791 3208 meum
806 3161 859 3209 est.
1035 3161 1077 3193 1²0

167 3248 241 3310 Cum
255 3251 337 3309 libuit
352 3252 460 3308 Pacem
475 3249 597 3325 placidis
612 3250 744 3307 emittere
759 3249 853 3321 tectis,

202 3348 292 3406 libera
305 3358 460 3423 perpetuas
475 3347 603 3405 ambulat
618 3347 668 3404 illa
678 3347 747 3404 vias.

165 3445 308 3521 Sanguine
322 3445 434 3503 letifero
450 3454 527 3503 totus
542 3445 711 3503 miscebitur
724 3444 811 3516 orbis

202 3543 232 3601 ni
245 3551 365 3600 teneant
378 3542 488 3618 rigidae
503 3542 623 3600 condita
637 3541 714 3600 bella
728 3558 819 3599 serae.

165 3639 319 3698 Praesideo
333 3639 441 3698 foribus
457 3639 530 3696 caeli
544 3658 611 3696 cum
626 3639 743 3696 mitibus
759 3637 867 3695 Horis:
1033 3645 1074 3692 1²5

202 3737 232 3808 it,
247 3736 323 3794 redit
335 3736 433 3794 officio
450 3737 579 3811 luppiter
593 3736 655 3809 ipse
670 3753 747 3792 meo.

165 3833 239 3892 Inde
251 3852 344 3892 vocor
354 3835 450 3893 Ianus.
495 3833 551 3895 Cui
566 3853 636 3894 cum
651 3832 776 3897 Cereale
792 3831 937 3894 sacerdos
