2558 4230
81 348 145 416 rx]
558 336 693 403 Tristia.
1091 361 1150 425 113

172 519 223 578 Te
236 536 304 579 mea
317 521 468 598 supposita
480 521 568 581 veluti
581 522 662 582 trabe
677 524 748 582 fulta
760 523 843 584 ruina
857 534 920 585 est:
1076 537 1091 587 ⁵

219 617 316 694 siquid
330 619 429 678 adhuc
443 638 499 696 ego
513 639 588 695 sum,
602 623 729 681 muneris
744 640 832 682 omne
846 625 888 683 tui
903 633 956 684 est.

174 716 225 774 Tu
239 716 318 789 facis,
332 726 366 775 ut
380 719 505 793 spolium
519 736 580 777 non
595 720 660 792 sim,
674 738 731 778 nec
744 720 838 780 nuder
852 723 891 781 ab
905 722 968 797 illis,

218 814 357 890 naufragii
372 815 483 873 tabulas
498 816 547 891 qui
562 817 671 892 petiere
686 818 754 877 mei.

174 911 278 986 thue
291 929 382 987 rapax
396 912 561 973 stimulante
576 914 653 973 fame
668 915 852 993 cupidusque
867 918 976 978 cruoris

217 1008 428 1068 incustoditum
442 1020 540 1086 captat
555 1012 629 1070 ovile
644 1012 739 1088 lupus,

175 1114 228 1164 aut
241 1115 274 1164 ut
287 1105 364 1164 edax
377 1107 471 1165 vultur
486 1125 592 1184 corpus
607 1109 803 1186 circumspicit
818 1113 936 1188 ecquod

217 1203 272 1263 sub
285 1204 364 1262 nulla
376 1205 505 1279 positum
521 1224 639 1264 cernere
655 1209 747 1283 possit
762 1209 862 1283 humo,

175 1301 220 1362 sic
234 1319 301 1361 mea
314 1302 415 1359 nescio
429 1302 503 1376 quis,
520 1303 606 1362 rebus
622 1305 698 1364 male
713 1306 789 1366 fidus
803 1308 925 1383 acerbis,

216 1400 247 1458 in
260 1402 340 1460 bona
352 1410 497 1472 venturus,
514 1401 538 1459 si
554 1412 695 1477 paterere,
709 1405 772 1464 suit

176 1499 269 1557 Hunc
282 1508 334 1557 tua
347 1517 400 1574 per
413 1498 500 1557 sortes
516 1500 605 1559 virtus
621 1504 778 1562 summovit
792 1505 912 1578 amicos,

216 1597 294 1656 nulla
308 1598 412 1672 quibus
426 1597 510 1656 reddi
526 1599 617 1674 gratia
632 1599 721 1675 digna
734 1611 840 1676 potest.

175 1695 255 1770 Ergo
269 1713 359 1771 quam
374 1696 489 1767 misero,
505 1707 565 1754 tam
582 1715 650 1754 vero
666 1707 740 1756 teste
755 1699 894 1774 probaris,

215 1792 263 1850 hic
277 1792 396 1868 aliquod
410 1793 528 1868 pondus
545 1795 569 1851 si
584 1794 675 1853 modo
689 1797 770 1854 testis
785 1797 882 1857 habet.

174 1891 241 1948 Nec
255 1890 400 1966 probitate
414 1901 463 1949 tua
478 1892 557 1966 prior
573 1903 617 1950 est
632 1904 682 1950 aut
697 1895 836 1953 Hectoris
850 1914 932 1970 uxor,

215 1999 265 2046 aut
278 2006 380 2047 comes
395 1989 524 2047 extincto
542 1989 702 2048 Laodamia
716 1992 788 2050 viro.

172 2087 219 2146 Tu
233 2088 257 2146 si
272 2088 445 2146 Maeonium
459 2099 556 2145 vatem
572 2089 671 2146 sortita
684 2089 795 2163 fuisses,

214 2186 377 2261 Penelopes
392 2194 469 2243 esset
483 2185 560 2242 fama
575 2186 705 2244 secunda
720 2197 806 2247 tuae:

173 2283 233 2342 sive
247 2283 301 2343 tibi
315 2283 372 2341 hoc
387 2282 488 2354 debes,
504 2283 582 2341 nulla
597 2285 646 2359 pia
660 2285 737 2341 sacta
751 2285 895 2360 magistra,

213 2399 340 2456 cumque
354 2399 432 2439 nova
446 2398 541 2438 mores
557 2392 624 2439 sunt
640 2381 693 2440 tibi
706 2381 771 2440 luce
787 2383 857 2457 dati,

171 2478 281 2538 femina
294 2498 347 2539 seu
360 2481 498 2556 princeps
516 2498 619 2539 omnes
635 2480 686 2538 tibi
701 2480 778 2537 culta
792 2498 844 2556 per
857 2499 951 2542 annos

213 2587 242 2637 te
256 2576 346 2636 docet
361 2578 529 2654 exemplum
546 2578 679 2654 coniugis
694 2596 757 2636 esse
772 2578 878 2653 bonae,

172 2677 387 2752 assimilemque
401 2677 445 2734 sui
459 2677 546 2751 longa
562 2677 748 2734 assuetudine
763 2676 841 2749 fecit,

212 2774 335 2851 grandia
347 2776 371 2834 si
385 2776 479 2851 parvis
495 2776 652 2834 assimilare
667 2775 745 2834 licet.

173 2872 210 2931 Ei
223 2873 303 2945 mihi,
319 2892 379 2932 non
394 2892 512 2950 magnas
529 2873 610 2950 quod
627 2873 736 2932 habent
750 2890 817 2930 mea
830 2872 960 2932 carmina
973 2873 1056 2946 vires,

211 2980 368 3046 nostraque
382 2982 448 3030 sunt
463 2971 571 3029 meritis
585 2989 637 3029 ora
650 2972 763 3028 minora
777 2971 843 3045 tuis,
1055 2981 1086 3028 ³0

172 3066 268 3143 siquid
282 3068 357 3127 etin
370 3069 454 3127 nobis
469 3069 525 3127 vivi
539 3069 592 3126 suit
606 3077 673 3127 ante
688 3069 802 3144 vigoris,

213 3165 374 3224 extinctum
387 3166 480 3242 longis
495 3165 604 3224 occidit
618 3183 707 3224 omne
723 3166 814 3224 malis.

172 3263 268 3321 Prima
281 3263 380 3322 locum
394 3272 509 3322 sanctas
523 3262 658 3321 heroidas
672 3263 747 3320 inter
761 3263 892 3337 haberes,

211 3360 306 3436 prima
318 3360 404 3418 bonis
417 3360 505 3418 animi
519 3359 723 3435 conspicerere
739 3360 790 3418 tui.

172 3455 452 3532 Quantumcumque
467 3465 565 3514 tamen
579 3455 735 3531 praeconia
750 3465 850 3515 nostra
862 3454 1010 3532 valebunt,
1053 3464 1082 3515 35

212 3551 387 3612 carminibus
401 3552 479 3612 vives
493 3561 609 3629 tempus
623 3552 654 3611 in
667 3569 756 3612 omne
770 3551 854 3614 meis.
