2558 4230
449 333 503 398 De
523 334 651 398 Rerum
675 335 817 399 Natura.

228 520 284 591 Tu,
299 527 393 595 pater,
408 536 439 576 es
454 537 549 577 rerum
562 520 704 592 inventor,
719 528 750 578 tu
765 519 857 596 patria
870 519 958 580 nobis

228 616 398 692 suppeditas
413 627 580 692 praecepta,
595 618 711 692 tuisque
725 635 771 688 ex,
786 617 905 689 inclute,
921 617 1038 693 chartis,
1055 639 1085 676 ιο

228 713 358 772 floriferis
372 724 403 771 ut
417 732 486 788 apes
501 714 531 770 in
545 714 663 772 saltibus
677 714 778 772 omnia
792 714 892 786 libant,

229 813 329 870 omnia
343 830 397 869 nos
411 811 513 869 itidem
527 811 713 886 depascimur
727 829 815 869 aurea
828 811 917 886 dicta,

229 927 325 980 aurea,
341 919 483 984 perpetua
496 926 613 983 semper
626 907 795 983 dignissima
808 910 876 967 vita.

230 1007 309 1063 Nam
324 1006 407 1063 simul
422 1024 458 1062 ac
471 1006 543 1063 ratio
558 1014 608 1062 tua
622 1006 720 1081 coepit
734 1006 886 1065 vociferari

229 1112 363 1160 naturam
376 1121 481 1173 rerum,
497 1102 596 1159 divina
610 1112 709 1159 mente
724 1112 834 1175 coorta,

230 1199 384 1274 diffugiunt
398 1200 486 1256 animi
501 1209 633 1270 terrores,
648 1199 766 1257 moenia
781 1200 884 1259 mundi

229 1296 395 1366 discedunt,
410 1305 504 1353 totum
517 1295 605 1353 video
619 1315 673 1370 per
687 1297 774 1354 inane
789 1298 850 1372 geri
863 1316 919 1358 res.

229 1397 358 1470 Apparet
372 1393 473 1450 divum
487 1412 597 1450 numen
612 1394 757 1469 sedesque
771 1396 888 1470 quietae

229 1510 302 1566 quas
316 1509 414 1566 neque
429 1491 601 1548 concutiunt
613 1492 693 1549 venti
707 1511 764 1549 nec
777 1493 878 1551 nubila
891 1493 1000 1555 nimbis

230 1599 385 1665 aspergunt
400 1607 497 1664 neque
513 1589 562 1646 nix
576 1590 637 1646 acri
652 1600 790 1647 concreta
804 1591 908 1666 pruina
1054 1603 1085 1636 ²0

230 1704 305 1743 cana
319 1685 429 1744 cadens
443 1687 532 1744 violat
546 1704 721 1761 semperque
736 1687 882 1746 innubilus
896 1688 999 1748 aether

229 1782 340 1856 integit,
356 1793 385 1840 et
399 1784 475 1858 large
491 1783 596 1841 diffuso
611 1785 719 1841 lumine
734 1783 840 1843 rident.

231 1880 340 1938 Omnia
353 1880 521 1955 suppeditat
536 1898 622 1954 porro
637 1890 740 1938 natura
753 1899 849 1956 neque
865 1883 923 1941 ulla

229 1994 276 2032 res
290 1977 379 2033 animi
393 1995 497 2051 pacem
512 1977 621 2034 delibat
636 1988 768 2052 ternpore
784 1980 813 2036 in
828 1980 896 2038 ullo.

229 2075 269 2130 At
283 2082 385 2130 contra
398 2092 540 2147 nusquam
557 2085 698 2149 apparent
712 2076 874 2134 Acherusia
887 2077 998 2153 templa
1054 2087 1084 2136 25
1168 2071 1171 2075 ¹

229 2188 287 2228 nec
301 2171 383 2227 tellus
397 2171 494 2228 obstat
508 2172 579 2246 quin
594 2173 693 2229 omnia
707 2172 906 2248 dispiciantur,

230 2269 285 2326 sub
298 2267 424 2342 pedibus
438 2287 643 2343 quaecumque
658 2270 731 2326 infra
744 2287 797 2344 per
811 2271 898 2328 inane
912 2280 1061 2346 geruntur.

231 2365 289 2422 His
303 2365 342 2422 ibi
357 2383 404 2422 me
418 2366 505 2423 rebus
519 2365 667 2439 quaedam
682 2365 781 2423 divina
793 2368 927 2442 voluptas

229 2463 354 2538 percipit
368 2461 465 2537 adque
480 2463 589 2533 horror,
605 2462 686 2537 quod
701 2463 743 2520 sic
756 2473 858 2522 natura
871 2474 921 2523 tua
933 2465 963 2524 vi

230 2569 290 2617 tam
305 2560 458 2618 manifesta
471 2570 575 2636 patens
590 2579 626 2618 ex
641 2561 721 2618 omni
735 2571 817 2636 parte
830 2571 942 2620 retecta
956 2570 1010 2622 est.
1051 2575 1084 2622 3⁰

260 2753 321 2815 .Nil
337 2753 421 2829 igitur
435 2773 512 2812 mors
527 2764 570 2812 est
585 2753 624 2812 ad
638 2773 693 2813 nos
707 2772 803 2830 neque
818 2756 944 2830 pertinet
958 2756 1059 2829 hilum,
1094 2766 1163 2827 (830)

230 2851 473 2926 quandoquidem
487 2862 589 2909 natura
603 2852 692 2909 animi
707 2852 834 2910 mortalis
848 2853 980 2926 habetur,

229 2958 259 3006 et
272 2949 351 3006 velut
365 2959 501 3006 anteacto
515 2949 556 3006 nil
572 2958 704 3023 ternpore
719 2950 860 3008 sensimus
875 2951 963 3026 aegri,

229 3044 269 3104 ad
283 3046 501 3121 confligendum
515 3046 697 3104 venientibus
712 3046 841 3121 undique
857 3047 973 3120 Poenis,

229 3144 330 3201 omnia
343 3161 412 3201 cum
426 3144 494 3201 belli
508 3143 625 3219 trepido
639 3162 784 3201 concussa
797 3145 922 3203 tumultu
1052 3152 1083 3203 35

229 3238 347 3297 horrida
359 3250 562 3299 contremuere
577 3241 630 3298 sub
645 3241 708 3297 altis
722 3240 846 3299 aetheris
861 3242 928 3313 oris,
1093 3241 1163 3300 (835)

228 3335 259 3394 in
273 3335 421 3412 dubioque
436 3338 515 3394 fuere
530 3347 659 3395 utrorum
674 3336 712 3395 ad
726 3355 816 3412 regna
829 3337 999 3399 cadendum

229 3434 365 3493 omnibus
380 3434 514 3492 humanis
530 3443 606 3491 esset
620 3442 752 3509 terraque
767 3436 906 3511 marique,

230 3530 281 3603 sic,
296 3530 346 3588 ubi
360 3547 420 3588 non
435 3531 549 3600 erimus,
564 3549 632 3588 cum
647 3531 777 3606 corporis
791 3541 878 3607 atque
893 3532 1001 3593 animai

229 3626 386 3687 discidium
401 3628 485 3685 fuerit
499 3627 604 3702 quibus
618 3645 635 3685 e
649 3645 748 3686 sumus
762 3628 856 3686 uniter
869 3631 939 3705 apti,
1051 3641 1082 3687 40

229 3725 341 3785 scilicet
355 3725 433 3783 haud
448 3725 532 3784 nobis
547 3725 712 3800 quicquam,
724 3725 775 3801 qui
788 3744 849 3784 non
860 3727 965 3786 erimus
975 3736 1047 3802 tum,
1093 3735 1160 3796 (840)

228 3822 364 3883 accidere
379 3823 500 3883 omnino
514 3822 621 3899 poterit
634 3840 811 3900 sensumque
825 3841 952 3900 movere,
