2558 4230
105 332 146 400 72

458 320 628 403 Propertii
648 319 799 404 Elegiae.

184 504 246 563 Hic
260 503 399 579 equidem
414 504 535 562 Phoebo
548 505 626 563 visus
641 504 713 562 mihi
727 503 876 579 pulchrior
888 504 953 580 ipso
1084 510 1100 560 5

224 619 403 660 marmoreus
417 602 506 660 tacita
520 620 637 659 carmen
653 603 731 660 hiare
745 603 823 677 lyra:

184 709 271 774 atque
286 718 365 757 aram
380 700 490 758 circum
505 709 643 758 steterant
657 709 789 758 armenta
804 699 946 776 Myronis,

224 806 360 871 quattuor
374 798 507 869 artifices,
523 797 620 855 vivida
635 798 726 872 signa,
741 797 840 855 boves.

182 895 260 952 Tum
275 895 407 952 medium
422 895 499 953 claro
514 896 651 970 surgebat
664 912 807 952 marmore
822 893 967 970 templum

223 1001 253 1050 et
266 993 359 1067 patria
373 993 494 1051 Phoebo
509 993 603 1051 carius
619 993 748 1068 Ortygia.
1069 1001 1099 1036 10

179 1091 221 1149 ‚In
235 1108 294 1165 quo
309 1091 381 1149 Solis
396 1100 456 1148 erat
470 1109 557 1165 supra
570 1091 682 1166 fastigia
697 1109 804 1163 currus,

223 1197 253 1246 et
266 1188 374 1259 valvae,
391 1189 492 1262 Libyci
507 1189 605 1246 nobile
620 1188 716 1246 dentis
731 1207 815 1263 opus,
856 1263 857 1266 Ἴ

183 1285 273 1343 altera
286 1285 418 1343 deiectos
435 1286 552 1342 Parnasi
566 1286 673 1342 vertice
689 1285 799 1359 Gallos

223 1382 312 1440 altera
326 1384 473 1441 maerebat
488 1384 588 1440 funera
602 1382 781 1440 Tantalidos

183 1480 301 1538 Deinde
316 1480 391 1537 inter
405 1490 527 1538 matrem
543 1480 615 1537 deus
630 1481 691 1556 ipse
702 1481 834 1554 interque
848 1498 980 1540 sororem
1070 1487 1098 1537 15

223 1577 344 1654 Pythius
359 1579 391 1636 in
404 1578 492 1654 longa
507 1578 637 1635 carmina
650 1587 730 1635 veste
745 1587 840 1637 sonat.

528 1819 565 1876 v·
613 1816 665 1896 (ιν.
684 1816 726 1895 1.)

183 1966 356 2026 Callimachi
370 1967 475 2024 Manes
491 1974 520 2024 et
535 1966 590 2025 Coi
605 1985 686 2024 sacra
701 1967 839 2039 Philetae,

222 2065 254 2122 in
267 2073 403 2135 vestmm,
420 2082 538 2139 quaese,
554 2082 601 2121 me
616 2064 701 2122 sinite
717 2064 757 2122 ire
772 2082 885 2122 nemus.

182 2163 295 2219 Primus
310 2179 365 2236 ego
381 2160 528 2236 ingredior
542 2179 614 2235 puro
629 2161 667 2218 de
682 2162 762 2218 fonte
778 2160 915 2219 sacerdos

223 2259 297 2316 Itala
310 2277 363 2333 per
377 2259 481 2317 Graios
496 2259 576 2333 orgia
590 2259 662 2315 serre
678 2259 792 2317 choros

182 2356 290 2426 Dicite,
306 2374 365 2430 quo
379 2356 485 2430 pariter
499 2374 616 2412 carmen
631 2356 768 2413 tenuastis
783 2356 814 2412 in
827 2355 934 2412 antro?
1082 2362 1097 2411 5

222 2469 317 2526 quove
332 2451 410 2528 pede
425 2453 566 2527 ingressi?
588 2471 712 2527 quamve
722 2453 839 2518 ,bibistis
853 2452 984 2526 aquam?

180 2549 229 2608 Ah
242 2549 344 2620 valeat,
360 2549 511 2606 Phoebum
527 2551 705 2625 quicumque
720 2559 850 2608 moratur
863 2549 894 2606 in
909 2548 1016 2608 armis!

222 2657 340 2705 exactus
355 2647 435 2704 tenui
449 2648 567 2722 pumice
581 2666 680 2704 versus
695 2656 751 2717 eat,

180 2762 241 2820 quo
256 2762 304 2801 me
319 2745 410 2801 Fama
423 2744 498 2801 levat
512 2755 588 2801 terra
602 2745 741 2815 sublimis,
757 2754 787 2801 et
801 2762 819 2801 a
832 2761 880 2802 me

221 2849 289 2898 nata
303 2841 447 2898 coronatis
463 2842 549 2898 Musa
563 2841 722 2915 triumphat
736 2842 828 2916 equis

181 2946 212 2996 et
225 2956 342 2994 mecum
357 2938 386 2994 in
401 2956 484 2994 curru
500 2939 578 3012 parvi
594 2949 746 2996 vectantur
759 2941 892 3011 Amores

220 3035 450 3109 scriptorumque
466 3053 546 3093 meas
562 3036 645 3093 turba
660 3046 761 3093 secuta
774 3046 861 3093 rotas

181 3131 262 3206 Quid
277 3132 378 3188 frustra
392 3131 486 3188 missis
501 3132 530 3188 in
546 3150 593 3189 me
609 3133 724 3190 certatis
739 3133 882 3191 habenis?

221 3229 291 3286 Non
306 3227 391 3284 datur
403 3227 442 3284 ad
458 3230 558 3286 Musas
573 3248 687 3287 currere
702 3231 760 3287 lata
772 3231 826 3288 via.

180 3325 275 3396 Multi,
291 3325 398 3395 Roma,
412 3333 476 3382 tuas
492 3326 592 3384 laudes
607 3328 757 3385 annalibus
773 3327 893 3399 addent,
1067 3335 1095 3386 ι5

220 3421 270 3496 qui
284 3421 373 3478 finem
387 3422 501 3496 imperii
517 3425 621 3480 Bactra
637 3425 732 3481 futura
746 3433 862 3482 canent.

179 3517 248 3589 Sed,
263 3517 345 3594 quod
359 3537 432 3595 pace
447 3520 535 3594 legas,
551 3538 625 3594 opus
641 3520 698 3578 hoc
713 3519 750 3578 de
765 3529 866 3578 monte
881 3538 1014 3580 sororum

220 3614 323 3672 detulit
337 3616 446 3672 intacta
459 3617 567 3690 pagina
580 3627 678 3674 nostra
692 3617 746 3675 via.

179 3713 291 3784 Mollia,
308 3713 471 3787 Pegasides,
488 3714 556 3771 date
570 3723 666 3772 vestro
681 3724 756 3772 serta
770 3724 896 3791 poetae:

218 3828 281 3869 non
295 3809 381 3867 saciet
395 3810 482 3886 capiti
497 3809 571 3869 dura
584 3829 694 3870 corona
708 3829 785 3871 meo.

1117 332 1143 399 vi
