2558 4230
109 343 170 420 ¹36

457 335 589 399 Lucani
609 334 802 399 Pharsalia.

185 539 292 599 quaere
308 518 380 597 quid
394 530 438 579 est
451 519 548 591 virtus,
563 528 593 577 et
606 537 697 594 posce
712 517 860 594 exemplar
873 517 1009 577 honesti?

226 620 278 678 Ille
293 620 352 678 deo
366 619 479 694 plenus,
493 617 582 675 tacita
596 635 685 691 quem
700 627 798 674 mente
812 616 941 692 gerebat,

185 717 288 776 effudit
303 717 406 791 dignas
422 715 516 790 adytis
531 732 547 771 e
562 724 682 790 pectore
697 731 803 771 voces:
1073 719 1103 769 35

185 815 283 890 ‘Quid
299 814 407 890 quaeri,
424 813 561 883 Labiene,
577 812 681 870 iubes?
721 813 768 868 An
782 811 854 869 liber
868 810 898 868 in
911 809 999 868 armis

185 912 358 972 occubuisse
373 910 460 968 velim
474 910 581 984 potius,
597 927 685 984 quam
699 926 790 983 regna
802 907 924 966 videre?

184 1029 223 1068 an
237 1011 273 1069 sit
286 1010 345 1067 vita
359 1008 439 1079 nihil,
455 1017 485 1064 et
499 1007 606 1082 longa?
626 1024 664 1063 an
679 1005 793 1063 differat
806 1006 909 1064 aetas?

184 1127 224 1166 an
236 1117 344 1165 noceat
357 1107 400 1164 vis
414 1105 472 1163 ulla
486 1103 588 1161 bono?
630 1104 816 1177 Fortunaque
831 1102 936 1178 perdat

184 1205 321 1280 opposita
334 1204 437 1261 virtute
452 1203 568 1259 minas?
589 1199 794 1274 laudandaque
808 1198 882 1257 velle
1072 1209 1105 1254 40

185 1303 222 1361 sit
236 1303 312 1374 satis
327 1311 357 1359 et
370 1318 530 1374 numquam
548 1316 686 1355 successu
702 1305 814 1354 crescat
829 1296 1008 1354 honestum?

185 1401 307 1471 Scimus,
322 1408 352 1456 et
367 1398 440 1455 haec
454 1398 539 1455 nobis
553 1415 614 1453 non
630 1395 713 1452 altius
728 1395 835 1452 inseret
850 1395 1014 1452 Hammon.

187 1498 353 1555 Haeremus
367 1496 467 1553 cuncti
481 1495 601 1569 superis,
618 1492 788 1567 temploque
804 1499 932 1563 tacente,

185 1595 226 1652 nil
240 1595 351 1668 agimus
366 1594 420 1650 nisi
435 1602 539 1667 sponte
556 1591 623 1649 dei:
648 1608 704 1647 nec
720 1589 842 1647 vocibus
856 1590 921 1647 ullis

184 1710 296 1749 numen
311 1701 395 1766 eget:
417 1690 547 1764 dixitque
564 1690 656 1746 semel
671 1688 858 1746 nascentibus
873 1698 976 1746 auctor
1073 1697 1106 1744 45

185 1787 330 1863 quidquid
344 1788 416 1845 scire
431 1788 517 1845 licet:
541 1787 650 1844 steriles
668 1805 724 1844 nec
739 1786 809 1860 legit
823 1804 933 1857 arenas,

185 1896 217 1943 ut
232 1894 349 1943 caneret
363 1886 473 1959 paucis,
489 1885 645 1959 mersitque
662 1884 720 1941 hoc
738 1883 856 1958 pulvere
870 1901 990 1941 verum:

185 1993 288 2057 estque
303 1982 352 2040 dei
367 1981 461 2052 sedes,
477 1983 525 2040 ubi
540 1992 623 2053 terra,
642 1993 671 2039 et
687 1991 804 2055 pontus,
820 1990 849 2038 et
863 1999 921 2052 aer,

186 2091 216 2139 et
229 2081 355 2151 coelum,
370 2089 400 2137 et
414 2080 510 2136 virtus.
553 2080 678 2153 Superos
696 2078 767 2152 quid
782 2079 948 2153 quaerimus
962 2078 1058 2136 ultra?

186 2178 318 2252 Iuppiter
333 2187 387 2247 est,
404 2175 613 2251 quodcumque
629 2176 721 2247 videS,
740 2174 951 2249 quodcumque
966 2176 1103 2234 moveris.

186 2275 332 2349 Sortilegis
346 2283 451 2348 egeant
466 2272 556 2344 dubii,
574 2290 747 2348 semperque
764 2272 865 2330 suturis
973 2314 975 2319 ·
1075 2282 1105 2329 5Ῑ

186 2372 300 2429 casibus
314 2371 474 2446 ancipites:
499 2388 546 2427 me
562 2388 621 2427 non
638 2370 756 2427 oracula
771 2379 893 2440 certum,

185 2469 239 2528 sed
252 2489 330 2527 mors
346 2479 426 2526 certa
439 2470 526 2526 facit:
549 2469 657 2544 pavido
677 2471 801 2546 sortique
819 2470 989 2529 cadendum
1003 2479 1057 2529 est.

185 2569 257 2624 Hoc
271 2567 339 2624 satis
354 2576 398 2623 est
412 2565 518 2623 dixisse
536 2568 658 2623 lovem’
701 2568 748 2626 Sic
765 2568 811 2626 ille
826 2569 973 2644 profatur:

185 2674 355 2738 servataque
369 2663 428 2720 fide
443 2665 544 2739 templi
560 2664 685 2724 discedit
700 2667 738 2724 ab
754 2667 818 2737 aris,
906 2695 910 2700 -
1076 2673 1105 2721 55

184 2779 246 2818 non
261 2761 441 2835 exploratum
456 2762 571 2835 populis
589 2764 762 2821 Hammona
776 2764 951 2838 relinquens.

226 2860 296 2932 Ipse
312 2876 399 2915 manu
416 2877 468 2915 sua
482 2861 541 2934 pila
555 2880 667 2935 gerens,
684 2862 835 2937 praecedit
849 2862 947 2920 anheli

184 2955 282 3014 militis
297 2974 348 3012 ora
361 2955 473 3030 pedes:
496 2968 637 3017 monstrat
655 2961 778 3017 tolerare
793 2960 915 3030 laboreS,

184 3071 247 3111 non
261 3052 360 3110 iubet:
384 3063 413 3111 et
426 3054 504 3111 nulla
520 3056 633 3114 vehitur
650 3059 763 3115 cervice
779 3058 908 3132 supinus,

186 3159 386 3225 carpentoque
400 3151 517 3210 sedens.
562 3155 664 3213 Somni
679 3155 864 3229 parcissimus
880 3154 942 3229 ipse
957 3162 1011 3223 est,
1073 3151 1103 3195 ⁶⁰

185 3247 303 3305 ultimus
317 3248 437 3307 haustor
452 3268 554 3324 aquae.
599 3251 677 3310 Cum
692 3251 813 3310 tandem
827 3251 909 3310 sonte
923 3261 1041 3327 reperto

186 3344 286 3421 indiga
300 3356 423 3404 conatur
438 3348 530 3405 laticis
546 3357 648 3422 potare
664 3349 806 3420 iuventus,

187 3452 252 3515 stat,
267 3443 339 3502 dum
353 3446 410 3502 lixa
425 3445 513 3503 bibat.
557 3445 586 3503 Si
599 3446 674 3503 veris
690 3464 796 3521 magna
809 3455 926 3522 paratur

185 3540 264 3598 fama
276 3542 371 3612 bonis,
389 3552 418 3600 et
432 3542 455 3599 si
470 3559 608 3599 successu
623 3540 704 3599 nuda
717 3553 832 3601 remoto

91 3692 92 3695 ,
187 3638 338 3713 inspicitur
353 3639 449 3709 virtuS,
466 3637 609 3712 quidquid
623 3638 775 3698 laudamus
789 3641 820 3698 in
834 3640 892 3698 ullo
1075 3636 1105 3696 65

188 3736 341 3805 maiorum,
359 3736 487 3792 Fortuna
500 3735 561 3792 fuit.
605 3735 678 3808 Quis
694 3737 789 3794 Marte
804 3737 946 3810 secund0,

190 3831 255 3910 quis
270 3840 383 3892 tantum
398 3832 503 3892 meruit
516 3831 695 3909 populorum
706 3834 847 3910 sanguiue
860 3835 992 3894 nomen?
