2558 4230
169 348 214 413 66
551 348 679 413 Tibulli
699 349 846 433 Elegiae.

249 552 312 593 non
326 542 359 593 ut
372 534 526 592 marmorei
541 534 689 610 prodirem
705 553 721 593 e
736 535 833 592 limine
848 533 927 607 tecti,

290 631 411 707 insignis
426 632 503 689 clara
516 633 752 708 conspicuusque
767 632 867 703 d0m0,

249 739 299 788 aut
313 739 345 788 ut
359 730 449 787 multa
464 730 522 786 mei
537 740 710 788 renovarent
724 732 822 806 iugera
836 729 910 788 tauri

289 837 320 885 et
334 845 454 902 magnas
469 845 579 885 messes
594 837 669 885 terra
682 828 809 903 benigna
823 827 915 898 daret,

249 924 303 982 sed
317 934 417 983 tecum
431 934 463 982 ut
477 924 564 1000 longe
580 927 722 983 sociarem
736 925 843 1000 gaudia
856 925 931 982 vitae

288 1022 378 1097 inque
393 1032 445 1080 tuo
459 1021 579 1080 caderet
593 1033 692 1081 nostra
705 1033 824 1081 senecta
838 1024 901 1080 sinu

247 1127 319 1178 tunc
334 1138 401 1177 cum
416 1138 573 1194 permenso
589 1121 745 1179 defunctus
760 1131 892 1195 tempore
906 1118 979 1178 lueis

288 1216 385 1276 nudus
401 1218 531 1275 Lethaea
545 1236 666 1293 cogerer
680 1218 720 1275 ire
735 1219 817 1275 rate?
1135 1224 1162 1257 10

248 1315 328 1372 Nam
342 1333 427 1391 grave
443 1314 515 1390 quid
529 1315 648 1390 prodest
664 1315 781 1391 pondus
796 1315 867 1373 mihi
881 1314 977 1372 divitis
991 1313 1062 1387 auri,

288 1431 413 1488 arvaque
429 1414 452 1470 si
467 1412 581 1470 findant
595 1413 715 1488 pinguia
729 1413 806 1470 mille
821 1412 932 1470 boves?

247 1508 365 1583 Quidve
380 1509 486 1568 domus
501 1510 621 1585 prodest
637 1510 766 1586 Phrygiis
782 1511 880 1567 innixa
895 1508 1048 1582 columnis,

286 1607 419 1664 Taenare
434 1609 493 1665 sive
508 1609 574 1678 tuiS,
590 1609 649 1665 sive
666 1608 785 1683 Caryste
801 1608 865 1678 tuis,

246 1712 277 1761 et
290 1722 412 1762 nemora
425 1706 454 1762 in
469 1704 606 1763 domibus
621 1724 718 1763 sacros
733 1705 875 1762 imitantia
889 1706 970 1762 lucos
1134 1709 1161 1758 15

286 1812 461 1876 aurataeque
476 1803 572 1860 trabes
587 1821 840 1877 marmoreumque
856 1803 971 1861 solum?

247 1897 363 1971 Quidve
379 1899 408 1955 in
424 1899 584 1973 Erythraeo
599 1900 702 1974 legitur
716 1918 792 1974 quae
807 1900 889 1957 litore
904 1899 1019 1957 concha

286 1995 435 2070 tinctaque
451 1995 572 2053 Sidonio
587 1998 696 2054 murice
712 1998 778 2054 lana
792 1998 877 2069 iuvat,
909 1985 912 1989 Δ

246 2100 276 2150 et
290 2110 365 2167 quae
379 2103 529 2167 praeterea
543 2094 668 2169 populus
683 2095 822 2152 miratur?
841 2095 871 2150 in
885 2094 938 2151 illis

286 2189 395 2247 invidia
408 2201 469 2248 est:
493 2190 564 2248 salso
579 2191 703 2266 plurima
716 2192 817 2266 vulgus
832 2199 919 2248 amat.

246 2287 316 2345 Non
331 2288 435 2362 opibus
450 2299 563 2345 mentes
579 2288 731 2346 hominum
748 2306 893 2363 curaeque
907 2288 1057 2346 levantur:

285 2402 354 2441 nam
369 2385 499 2441 Fortuna
513 2403 564 2441 sua
578 2395 712 2459 tempora
725 2385 789 2460 lege
804 2386 885 2460 regit.

245 2479 287 2538 Sit
301 2480 371 2537 mihi
385 2490 540 2554 paupertas
554 2492 654 2538 tecum
669 2482 806 2553 iucunda,
823 2484 956 2540 Neaera:

286 2583 315 2632 at
329 2576 390 2632 sine
405 2585 433 2633 te
448 2595 550 2651 regum
565 2597 686 2635 munera
700 2580 778 2636 nulla
792 2580 868 2637 vo10.

245 2672 273 2730 O
287 2673 411 2743 niveam,
427 2691 502 2747 quae
517 2684 546 2731 te
561 2676 667 2748 poterit
682 2676 753 2732 mihi
767 2676 900 2747 reddere,
915 2676 1032 2734 lucem!

283 2787 302 2825 o
317 2768 386 2825 mihi
401 2770 516 2827 felicem
531 2780 632 2844 terque
649 2783 821 2847 quarterque
837 2772 937 2830 diem!

243 2866 282 2922 At
295 2865 328 2936 si,
344 2883 397 2939 pro
413 2865 491 2923 dulci
506 2866 601 2924 reditu
617 2886 821 2943 quaecumque
836 2880 985 2942 voventur,

283 2962 382 3020 audiat
396 2982 495 3020 aversa
509 2982 569 3021 non
584 2983 667 3023 meus
682 2984 750 3023 aure
766 2966 848 3038 deuS,

241 3075 299 3116 nee
313 3077 361 3116 me
375 3079 464 3134 regna
478 3061 577 3118 iuvant
592 3080 651 3118 nec
664 3064 771 3138 Lydius
787 3065 890 3121 aurifer
903 3065 997 3123 amnis

282 3174 339 3212 nec
354 3175 425 3230 quas
439 3167 578 3214 terrarum
595 3160 717 3217 sustinet
731 3162 806 3219 orbis
822 3180 904 3235 opes.

243 3252 331 3310 Haec
345 3253 391 3309 alii
407 3254 535 3326 cupiant,
550 3254 637 3313 liceat
652 3257 723 3313 mihi
737 3275 865 3333 paupere
881 3257 961 3317 cultu

282 3366 385 3406 securo
400 3368 467 3406 cara
481 3352 606 3425 coniuge
621 3370 708 3426 posse
723 3355 785 3412 frui.

241 3443 327 3502 Adsis
342 3455 371 3502 et
385 3445 494 3503 timidis
510 3448 615 3517 saveaS,
632 3449 772 3520 Saturnia,
788 3452 870 3524 votis,

280 3550 310 3598 et
324 3542 419 3599 faveas
435 3543 559 3613 concha,
575 3544 690 3618 Cypria,
706 3557 790 3603 vecta
804 3557 861 3610 tua.

240 3637 299 3719 ¹Aut
313 3637 337 3712 si
351 3638 409 3701 fata
423 3648 531 3718 negant
545 3639 668 3698 reditum
684 3642 836 3716 tristesque
851 3663 973 3717 sorores,

281 3735 404 3812 stamina
419 3753 494 3808 quae
510 3734 622 3792 ducunt
636 3755 769 3812 quaeque
785 3740 879 3814 futura
894 3751 993 3814 neunt,

110 3728 288 3986 Ὺ
302 3839 388 3895 vocet
403 3830 431 3888 in
446 3842 542 3890 vastos
559 3850 659 3890 amnes
675 3835 844 3910 nigramque
859 3836 1001 3910 paludem

245 3940 248 3947 ·
263 3921 351 3984 diues
365 3926 396 3985 in
411 3928 519 4005 Ignara
535 3929 649 3988 luridus
664 3929 765 4006 Oreus
779 3949 868 4005 aqua.
