2558 4230
391 327 562 394 Heroides.
609 327 672 411 Ep.
695 327 796 391 XIII.

191 514 227 572 Et
240 513 373 590 sequitur
386 512 467 589 regni
480 531 547 590 pars
560 523 653 589 quota
666 530 814 589 quemque
829 512 894 571 sui?
1036 509 1067 554 ⁶0

156 611 205 670 His
218 629 275 687 ego
289 620 319 669 te
334 611 451 682 victam,
466 628 587 669 consors
603 610 722 669 Ledaea
735 610 874 686 gemellis,

188 709 328 784 suspicor.
371 708 458 766 Haec
473 708 582 766 Danais
597 726 684 783 posse
699 725 806 766 nocere
821 717 905 783 puto.

154 807 280 864 Hectora
293 805 396 864 nescio
411 823 500 881 quem
514 805 624 863 timeo:
648 805 727 863 Paris
743 806 877 864 Hectora
890 803 963 863 dixit

186 903 278 960 ferrea
291 902 452 978 sanguinea
465 903 540 961 bella
554 921 672 961 movere
688 921 786 961 manu.

153 998 289 1072 Hectora,
305 1000 435 1075 quisquis
450 1000 473 1058 is
488 1010 541 1072 est,
555 1000 580 1058 si
594 1018 658 1058 snm
673 1000 725 1059 tibi
740 1019 815 1073 cara,
831 1009 953 1060 caveto:

186 1097 332 1172 signatum
346 1097 470 1154 memori
484 1107 605 1172 pectore
620 1116 731 1156 nomen
745 1098 831 1156 habe.

152 1195 238 1252 Hunc
253 1195 305 1253 ubi
318 1195 422 1266 vitaris,
437 1195 508 1253 alios
523 1195 612 1253 vitare
626 1205 787 1269 memento,

186 1301 214 1350 et
229 1292 339 1350 multos
353 1292 410 1349 illic
427 1292 575 1350 Hectoras
591 1311 654 1351 esse
670 1303 759 1368 puta:

152 1398 178 1447 et
189 1389 277 1447 facito
293 1398 325 1447 ut
339 1389 430 1460 dicas,
445 1391 581 1465 quotiens
596 1409 725 1465 pugnare
740 1391 865 1466 parabis,

187 1489 324 1562 ‘parcere
339 1504 388 1544 me
403 1487 483 1544 iussit
498 1487 659 1545 Laodamia
674 1484 747 1546 sibi!

151 1582 297 1642 Sicadere
312 1584 449 1658 Argolico
463 1584 505 1641 las
519 1594 563 1641 est
577 1584 632 1642 sub
647 1586 736 1643 milite
752 1586 881 1659 Troiam,

186 1691 215 1739 te
229 1698 350 1756 quoque
365 1699 426 1739 non
440 1681 529 1739 ullum
543 1681 646 1739 vulnus
662 1682 788 1740 habente
805 1684 900 1743 cadat.

153 1777 261 1854 Pugnet
275 1790 305 1836 et
319 1779 458 1836 adversos
471 1778 574 1837 tendat
589 1780 741 1837 Menelaus
756 1782 786 1837 in
801 1781 909 1840 hostis:

187 1876 319 1934 hostibus
334 1894 351 1934 e
366 1876 471 1934 mediis
485 1888 577 1952 nupta
591 1878 720 1953 petenda
735 1879 796 1936 viro
811 1889 864 1937 est.

152 1970 244 2033 Causa
257 1985 309 2031 tua
322 1984 367 2031 est
381 1973 487 2049 dispar.
529 1976 576 2032 Tu
591 1987 703 2033 tantum
718 1978 813 2034 vivere
827 1994 935 2052 pugna,

187 2072 276 2146 inque
291 2072 356 2146 pios
371 2070 509 2129 dominae
524 2090 610 2146 posse
625 2072 719 2131 redire
735 2075 822 2132 sinus.

153 2169 270 2241 Parcite,
287 2168 484 2237 Dardanidae,
501 2169 539 2226 de
553 2180 605 2241 tot,
621 2189 735 2245 precor,
756 2172 887 2230 hostibus
904 2173 963 2246 uni,

187 2284 324 2324 nemetis
339 2284 376 2323 ex
389 2266 438 2323 illo
453 2284 576 2341 corpore
591 2269 708 2342 sanguis
723 2279 779 2326 eat.

152 2363 218 2423 Non
232 2373 286 2436 est,
302 2382 392 2439 quem
406 2363 512 2421 deceat
526 2364 607 2422 nudo
622 2383 797 2423 concurrere
816 2366 899 2438 serm,

187 2478 333 2536 saevaque
349 2462 378 2519 in
392 2462 544 2536 obpositos
558 2473 679 2537 pectora
694 2462 766 2519 ferre
782 2464 867 2521 viros.

152 2559 263 2618 Fortius
279 2558 325 2617 ille
340 2568 438 2633 potest
453 2559 553 2629 multo,
568 2577 657 2634 quarn
672 2571 793 2635 pugnat,
808 2580 915 2621 amare.

189 2657 271 2715 Bella
283 2665 384 2732 gerant
399 2656 446 2713 alii
458 2677 464 2714 :
490 2657 662 2714 Protesilaus
677 2667 764 2715 amet.

152 2753 238 2812 Nunc
252 2754 353 2812 fateor.
395 2754 483 2811 Volui
497 2772 644 2825 revocare,
659 2754 832 2830 animusque
846 2756 967 2815 serebat.

188 2850 319 2911 Substitit
333 2850 455 2926 auspicii
469 2851 566 2926 lingua
580 2851 684 2909 timore
698 2852 776 2910 mali.

153 2946 226 3008 Cum
240 2950 350 3008 foribus
363 2950 451 3007 velles
466 2948 504 3007 ad
519 2950 638 3007 Troiam
652 2951 730 3007 exire
745 2952 881 3025 paternis,

188 3065 242 3123 pes
257 3057 323 3105 tuus
338 3046 451 3106 offenso
466 3048 564 3105 limine
579 3048 661 3122 signa
676 3046 768 3105 dedit.

153 3143 192 3204 Ut
204 3143 274 3217 vidi,
289 3145 418 3220 ingemui
432 3146 581 3220 tacitoque
596 3146 626 3203 in
641 3156 761 3221 pectore
778 3146 838 3205 dixi

190 3243 291 3318 ‘signa
305 3243 444 3301 reversuri
458 3244 524 3315 sint,
539 3261 652 3318 precor,
669 3245 722 3302 ista
735 3245 786 3302 viri
799 3247 823 3302 l'

154 3338 239 3398 Haec
253 3339 306 3398 tibi
320 3359 399 3397 nunc
413 3341 517 3411 resero,
532 3359 570 3399 ne
585 3342 623 3399 sis
638 3342 784 3400 animosus
800 3343 829 3400 in
844 3343 939 3403 annis.

192 3438 253 3497 Fac
268 3456 350 3496 meus
365 3439 395 3495 in
409 3449 512 3496 ventos
527 3439 575 3496 hic
590 3439 676 3496 timor
690 3441 785 3498 omnis
800 3451 856 3499 eat.

155 3533 219 3594 Sors
233 3553 352 3611 quoque
367 3536 468 3593 nescio
483 3554 572 3611 quem
586 3537 645 3594 sato
661 3536 794 3611 designat
808 3538 918 3613 iniquo,

193 3632 242 3708 qui
257 3633 367 3708 primus
382 3633 519 3691 Danaum
533 3632 651 3690 Troada
665 3644 763 3709 tangat
778 3635 909 3694 humum.

158 3727 266 3802 Infelix,
281 3747 357 3805 quae
371 3730 465 3805 prima
478 3730 570 3787 virum
585 3730 694 3805 lugebit
709 3730 901 3807 ademptum!
1073 3732 1124 3793 (95)

195 3825 234 3885 Di
247 3824 362 3899 faciant,
376 3843 416 3885 ne
431 3836 460 3885 tu
476 3835 609 3888 strenuus
624 3845 689 3890 esse
704 3827 796 3893 velisl
