2558 4230
459 306 629 391 Propertii
649 307 799 392 Elegiae.

226 491 294 551 solis
308 501 338 550 et
352 490 448 551 atratis
462 491 566 550 luxerit
580 492 657 550 orbis
673 491 764 567 equiS,

185 606 237 646 cur
251 607 330 647 serus
345 607 458 647 versare
472 589 563 648 boves
579 599 608 647 et
622 590 749 665 plaustra
762 590 881 662 BooteS,
1072 597 1098 644 ³5

228 685 380 744 Pleiadum
394 687 487 761 spisso
502 704 554 744 cur
568 687 628 744 coit
643 687 709 761 igne
725 685 840 759 chorus,

188 800 275 840 curve
290 801 358 841 suos
372 783 445 841 fines
460 784 551 841 altum
565 802 625 841 non
640 793 725 842 exeat
738 802 857 859 aequor,

227 881 331 955 plenus
345 889 374 938 et
388 881 419 938 in
433 891 529 957 partes
544 890 680 957 quattuor
693 900 787 939 annus
801 891 859 954 eat,

188 978 241 1035 sub
256 978 337 1034 terris
352 978 409 1035 sint
423 979 485 1036 iura
498 978 588 1035 deum
603 988 632 1036 et
646 987 792 1036 tormenta
805 979 975 1055 Gigantum,

225 1076 401 1150 Tisiphones
415 1085 478 1133 atro
493 1076 516 1133 si
531 1076 597 1133 furit
610 1093 704 1150 angue
719 1086 817 1150 caput,
1069 1088 1096 1132 4⁰

186 1182 236 1230 aut
248 1173 455 1231 Alcmaeoniae
470 1173 559 1230 furiae
575 1181 623 1229 aut
637 1172 744 1229 ieiunia
759 1172 872 1247 Phinei,

225 1289 296 1328 num
310 1280 382 1342 rota,
397 1290 468 1329 num
483 1270 605 1345 scopuli,
621 1289 692 1327 num
707 1269 767 1328 sitis
781 1271 856 1327 inter
869 1288 972 1345 aquas,

185 1386 256 1425 num
270 1368 359 1425 tribus
373 1368 517 1426 infernum
533 1366 662 1426 custodit
675 1367 806 1426 faucibus
821 1378 937 1426 antrum

225 1466 378 1537 Cerberus,
393 1475 424 1523 et
436 1466 523 1541 Tityo
538 1466 637 1540 iugera
650 1483 746 1540 pauca
760 1484 877 1538 novem,

184 1580 222 1619 an
236 1562 305 1619 ficta
318 1562 347 1619 in
363 1562 481 1620 miseras
496 1562 650 1620 descendit
664 1562 761 1620 fabula
774 1572 886 1637 gentes,
1067 1571 1094 1618 45

224 1667 254 1716 et
267 1659 354 1717 timor
368 1658 447 1716 haud
462 1660 535 1717 ultra
549 1678 637 1734 quam
651 1678 738 1734 rogus
753 1678 816 1718 esse
831 1670 938 1735 potest.

184 1756 286 1814 Exitus
301 1755 349 1813 hic
363 1756 439 1813 vitae
454 1766 569 1830 superet
583 1757 673 1814 mihi:
695 1775 757 1828 vos,
773 1757 877 1831 quibus
892 1776 975 1817 arma

222 1864 304 1929 grata
318 1853 420 1929 magis,
435 1853 531 1912 Crassi
545 1854 628 1929 signa
641 1854 745 1911 referte
761 1852 893 1912 domum.

521 2186 572 2241 IX·
619 2183 671 2259 tu·
691 2182 732 2261 a)

181 2349 260 2422 Ergo
274 2348 413 2407 sollicitae
428 2357 459 2406 tu
473 2365 571 2421 causa,
587 2349 725 2422 Pecunia,
739 2350 814 2408 vitae
829 2368 880 2410 es:

219 2461 273 2519 pei·
286 2454 314 2503 te
329 2446 504 2504 inmaturum
518 2447 619 2506 mortis
633 2446 747 2504 adimus
760 2447 822 2504 iter.

178 2542 226 2599 Tu
238 2542 313 2600 vitiis
328 2542 482 2600 hominum
495 2543 624 2602 crudelia
637 2542 745 2618 pabula
758 2543 900 2618 praebes:

219 2639 331 2697 semina
345 2656 479 2696 curarum
494 2639 532 2696 de
548 2640 644 2713 capite
659 2647 723 2695 orta
736 2647 797 2698 tu0.

156 2804 159 2808 ⁴
177 2735 224 2793 Tu
240 2736 361 2793 Paetum
375 2735 414 2793 ad
430 2736 548 2793 Pharios
562 2735 735 2793 tendentem
748 2736 837 2794 lintea
851 2747 953 2812 portus
1078 2749 1093 2796 5

217 2832 316 2891 obruis
330 2833 433 2891 insano
447 2842 548 2907 terque
564 2842 724 2907 quaterque
740 2833 821 2892 mari.

178 2930 256 2987 Nam
271 2928 343 2987 dum
356 2938 386 2987 te
400 2930 538 3004 sequitur,
553 2930 648 3004 primo
663 2931 751 2988 miser
766 2929 875 2989 excidit
888 2949 962 2991 aevo

218 3037 248 3085 et
261 3045 338 3085 nova
350 3027 514 3102 longinquis
529 3027 657 3102 piscibus
672 3037 844 3100 escanatat,

177 3131 207 3181 et
221 3133 313 3181 mater
326 3141 387 3181 non
400 3124 474 3182 iusta
488 3125 553 3199 piae
568 3123 638 3182 dare
653 3124 754 3183 debita
767 3135 859 3184 terrae

216 3238 272 3277 nec
286 3230 356 3294 pote
372 3231 513 3296 cognatos
527 3222 601 3278 inter
615 3223 735 3280 humare
749 3241 854 3298 rogos,
1061 3237 1090 3270 10

175 3314 230 3374 sed
244 3327 294 3374 tua
307 3335 386 3375 nunc
399 3319 531 3376 volucres
546 3330 640 3378 astant
654 3338 742 3396 super
756 3339 822 3379 ossa
835 3321 974 3396 marinae,

216 3432 295 3472 nunc
308 3415 361 3473 tibi
374 3434 428 3490 pro
442 3416 554 3474 tumulo
569 3417 760 3492 Carpathium
775 3436 863 3477 omne
878 3437 959 3479 mare
973 3428 1028 3480 est.

175 3513 281 3571 Infelix
295 3513 410 3587 Aquilo,
423 3524 524 3589 raptae
538 3515 624 3573 timor
639 3517 796 3591 Orithyiae,

215 3626 291 3684 quae
306 3608 399 3683 spolia
412 3627 449 3668 ex
463 3610 511 3669 illo
525 3621 605 3670 tanta
619 3612 698 3670 fuere
713 3613 785 3672 tibi?

175 3714 226 3764 aut
239 3704 379 3780 quidnam
393 3707 484 3766 fracta
497 3709 617 3784 gaudes,
633 3711 782 3785 Neptune,
797 3711 917 3772 carina?
1061 3723 1088 3770 15

216 3803 353 3862 Portabat
366 3814 483 3866 sanctos
497 3805 595 3866 alveus
609 3806 656 3866 ille
670 3806 756 3867 viros.
