2558 4230
446 344 500 408 De
521 346 649 408 Remm
672 345 815 409 Natura.

205 547 262 587 nec
276 538 411 604 poterant
425 530 530 604 quibus
546 528 576 588 id
590 529 672 588 fieret
687 545 867 604 cognoscere
882 527 988 586 causis.
1077 523 1153 583 (1185)

205 627 284 701 Ergo
298 628 461 702 perfugium
477 627 531 685 sibi
546 627 692 685 habebant
706 627 806 684 omnia
820 625 894 684 divis

205 723 319 781 tradere
334 733 364 781 et
377 725 491 781 illomm
506 733 578 782 nutu
593 725 688 781 facere
704 724 803 782 omnia
817 723 904 781 flecti.
1037 729 1080 778 355

206 822 243 879 In
258 822 398 896 caeloque
413 821 503 879 deum
517 821 603 879 sedes
618 831 648 879 et
662 822 772 897 templa
785 821 928 892 locarunt,

205 936 259 993 per
273 919 387 975 caelum
400 919 476 975 volvi
491 920 559 993 quia
574 937 633 976 nox
647 928 676 976 et
690 919 759 975 luna
771 916 895 989 videtur,

124 1088 129 1098 1
205 1016 275 1073 luna
288 1015 351 1073 dies
366 1025 395 1072 et
409 1035 468 1073 nox
482 1026 511 1074 et
525 1017 620 1074 noctis
635 1017 717 1090 signa
730 1034 831 1073 severa
1077 1011 1155 1071 (1190)

205 1114 530 1188 noctivagaequefaces
545 1114 618 1170 caeli
633 1113 825 1188 flammaeque
839 1113 980 1185 volantes,

204 1211 305 1268 nubila
318 1212 361 1268 sol
376 1212 482 1269 imbres
497 1212 547 1269 nix
561 1206 642 1268 venti
653 1210 775 1267 fulmina
789 1209 902 1285 grando
1036 1208 1081 1266 3⁶0

206 1317 236 1366 et
250 1307 342 1383 rapidi
356 1309 486 1366 fremitus
502 1319 531 1366 et
545 1327 691 1366 murmura
704 1326 811 1383 magna
826 1309 979 1366 minarum.

247 1406 275 1464 O
289 1423 381 1480 genus
396 1406 494 1463 infelix
508 1406 678 1477 humanum,
693 1406 761 1463 talia
776 1405 850 1463 divis

207 1520 275 1559 cum
290 1503 387 1560 tribuit
401 1503 478 1560 facta
492 1513 579 1576 atque
594 1503 649 1560 iras
663 1502 795 1560 adiunxit
809 1502 930 1561 acerbas
943 1505 950 1560 l
1077 1500 1154 1559 (1195)

206 1610 331 1675 quantos
345 1610 407 1657 tum
421 1600 545 1674 gemitus
560 1600 614 1674 ipsi
629 1600 691 1671 sibi,
707 1610 873 1674 quantaque
888 1599 974 1658 nobis

205 1698 332 1768 volnera,
345 1716 416 1772 quas
427 1698 558 1754 lacrimas
570 1715 710 1772 peperere
721 1697 876 1755 minoribu’
890 1697 995 1755 nostris
1008 1700 1014 1756 !
1038 1696 1082 1754 3⁶5

207 1796 236 1852 N
238 1813 273 1852 ec
288 1795 379 1869 pietas
393 1795 476 1851 ullast
491 1795 616 1851 velatum
632 1812 720 1868 saepe
734 1793 827 1851 videri

206 1893 310 1948 vertier
323 1890 361 1947 ad
376 1890 505 1964 lapidem
520 1902 607 1965 atque
622 1891 717 1949 omnis
732 1890 875 1948 accedere
890 1889 929 1948 ad
944 1910 1007 1950 aras

206 2006 264 2045 nec
274 1988 466 2062 procumbere
478 1988 558 2045 humi
573 1997 747 2063 prostratum
758 1999 788 2046 et
802 1987 932 2063 pandere
943 1989 1056 2064 palmas
1079 1997 1155 2057 (1200)

207 2094 274 2141 ante
290 2084 379 2142 deum
394 2084 514 2143 delubra
528 2104 584 2143 nec
599 2104 661 2142 aras
677 2086 816 2160 sanguine
832 2084 924 2143 multo

206 2199 340 2255 spargere
356 2181 581 2256 quadrupedum
596 2200 652 2238 nec
667 2183 741 2239 votis
756 2191 873 2239 nectere
888 2192 966 2255 vota,
1037 2194 1082 2239 370

206 2278 259 2336 sed
274 2297 358 2353 mage
373 2290 477 2353 pacata
491 2298 577 2354 posse
594 2280 693 2336 omnia
707 2289 806 2336 mente
821 2278 903 2337 tueri.

207 2376 287 2433 Nam
302 2395 370 2433 cum
385 2377 557 2451 suspicimus
571 2377 670 2451 magni
684 2377 821 2434 caelestia
835 2376 938 2434 mundi

207 2473 324 2546 templa,
340 2491 427 2547 super
441 2474 587 2548 stellisque
603 2474 777 2531 micantibus
793 2474 911 2531 aethera
925 2474 1027 2547 fixum,
1079 2482 1155 2542 (πως)

208 2579 237 2626 et
251 2570 330 2626 venit
344 2571 373 2626 in
388 2581 518 2628 mentem
533 2570 600 2628 solis
615 2571 760 2645 lunaeque
774 2572 895 2643 viarum,

207 2676 277 2724 tunc
292 2667 352 2724 aliis
368 2686 507 2741 oppressa
521 2668 602 2725 malis
618 2669 648 2725 in
662 2677 783 2743 pectora
797 2687 867 2726 cura
1037 2678 1082 2725 375

207 2764 255 2821 illa
268 2782 386 2838 quoque
401 2766 638 2840 expergefactum
653 2775 742 2840 caput
756 2766 866 2840 erigere
880 2765 952 2838 infit,

207 2879 321 2936 nequae
336 2862 408 2919 forte
423 2861 513 2919 deum
528 2863 611 2921 nobis
627 2863 761 2920 inmensa
775 2867 905 2938 potestas'

208 2960 252 3030 sit,
267 2959 346 3016 vario
361 2970 442 3017 motu
458 2978 532 3034 quae
549 2959 676 3017 candida
690 2960 786 3017 sidera
799 2969 903 3018 verset.
1079 2955 1155 3017 (1210)

206 3058 345 3131 Temptat
359 3057 439 3114 enim
454 3055 574 3115 dubiam
589 3067 718 3115 mentem
733 3058 851 3115 rationis
865 3067 989 3133 egestas,

208 3173 389 3228 ecquaenam
404 3156 488 3211 fuerit
503 3154 605 3212 mundi
620 3156 751 3230 genitalis
766 3156 856 3230 orig0‚
1038 3154 1084 3212 3⁸0

208 3261 238 3309 et
252 3251 336 3309 simul
351 3269 462 3325 ecquae
477 3252 513 3308 sit
527 3253 601 3323 finis,
617 3252 716 3326 quoad
732 3254 849 3310 moenia
863 3251 968 3312 mundi

208 3349 322 3408 solliciti
336 3359 432 3407 motus
447 3348 526 3406 hunc
541 3351 653 3424 possint
667 3352 740 3409 ferre
755 3351 894 3423 laborem,

208 3466 246 3505 an
261 3446 396 3505 divinitus
411 3455 529 3503 aeterna
543 3446 654 3504 donata
668 3449 758 3506 salute
1080 3445 1158 3505 (1215)

208 3554 351 3622 perpetuo
366 3544 477 3619 possint
492 3545 555 3601 aevi
569 3544 696 3602 labentia
711 3555 804 3604 tractu

208 3642 333 3700 inmensi
347 3640 456 3699 validas
471 3641 534 3699 aevi
548 3652 738 3700 contemnere
752 3643 827 3701 viris.
1037 3643 1082 3703 385

209 3741 361 3798 Praeterea
375 3740 422 3798 cui
436 3758 496 3797 non
511 3739 624 3797 animus
639 3739 793 3798 formidine
809 3739 910 3799 divum

208 3836 394 3911 contrahitur,
410 3837 458 3897 cui
472 3855 532 3896 non
547 3847 703 3914 correpunt
719 3838 849 3898 membra
863 3856 981 3916 pavore,
