<?xml version="1.0" encoding="UTF-8"?>
<!DOCTYPE html PUBLIC "-//W3C//DTD XHTML 1.0 Transitional//EN"
    "http://www.w3.org/TR/xhtml1/DTD/xhtml1-transitional.dtd">
<html xmlns="http://www.w3.org/1999/xhtml" xml:lang="en" lang="en">
 <head>
  <title>
</title>
<meta http-equiv="Content-Type" content="text/html;charset=utf-8" />
  <meta name='ocr-system' content='tesseract 3.04.00' />
  <meta name='ocr-capabilities' content='ocr_page ocr_carea ocr_par ocr_line ocrx_word'/>
</head>
<body>
  <div class='ocr_page' id='page_1' title='image "./selectionsfroml02crowgoog_0119.png"; bbox 0 0 2558 4230; ppageno 0'>
   <div class='ocr_carea' id='block_1_1' title="bbox 108 310 171 376">
    <p class='ocr_par' dir='ltr' id='par_1_1' title="bbox 108 310 171 376">
     <span class='ocr_line' id='line_1_1' title="bbox 108 310 171 376; baseline -0.032 0"><span class='ocrx_word' id='word_1_1' title='bbox 108 310 171 376; x_wconf 85' lang='lat'>106</span> 
     </span>
    </p>
   </div>
   <div class='ocr_carea' id='block_1_2' title="bbox 461 307 797 373">
    <p class='ocr_par' dir='ltr' id='par_1_2' title="bbox 461 307 797 373">
     <span class='ocr_line' id='line_1_2' title="bbox 461 307 797 373; baseline 0.006 -3"><span class='ocrx_word' id='word_1_2' title='bbox 461 307 503 373; x_wconf 91' lang='lat' dir='ltr'>P.</span> <span class='ocrx_word' id='word_1_3' title='bbox 531 307 676 372; x_wconf 79' lang='lat' dir='ltr'>Ovidius</span> <span class='ocrx_word' id='word_1_4' title='bbox 697 308 797 372; x_wconf 80' lang='lat' dir='ltr'>Nare.</span> 
     </span>
    </p>
   </div>
   <div class='ocr_carea' id='block_1_3' title="bbox 184 491 1102 3008">
    <p class='ocr_par' dir='ltr' id='par_1_3' title="bbox 184 491 1102 3008">
     <span class='ocr_line' id='line_1_3' title="bbox 227 491 853 569; baseline -0.003 -17"><span class='ocrx_word' id='word_1_5' title='bbox 227 491 345 552; x_wconf 82' lang='lat' dir='ltr'>sum‘unt</span> <span class='ocrx_word' id='word_1_6' title='bbox 358 491 480 569; x_wconf 84' lang='lat' dir='ltr'><strong>gentiles</strong></span> <span class='ocrx_word' id='word_1_7' title='bbox 494 511 574 550; x_wconf 88' lang='lat' dir='ltr'>arma</span> <span class='ocrx_word' id='word_1_8' title='bbox 587 493 718 568; x_wconf 87' lang='lat' dir='ltr'>professa</span> <span class='ocrx_word' id='word_1_9' title='bbox 731 510 853 550; x_wconf 86' lang='lat' dir='ltr'>manus:</span> 
     </span>
     <span class='ocr_line' id='line_1_4' title="bbox 186 588 886 667; baseline -0.004 -18"><span class='ocrx_word' id='word_1_10' title='bbox 186 592 334 667; x_wconf 87' lang='lat' dir='ltr'>egreditur</span> <span class='ocrx_word' id='word_1_11' title='bbox 347 591 447 648; x_wconf 90' lang='lat' dir='ltr'>castris</span> <span class='ocrx_word' id='word_1_12' title='bbox 461 591 544 649; x_wconf 92' lang='lat' dir='ltr'>miles</span> <span class='ocrx_word' id='word_1_13' title='bbox 558 609 716 666; x_wconf 86' lang='lat' dir='ltr'>generosus</span> <span class='ocrx_word' id='word_1_14' title='bbox 731 590 768 647; x_wconf 89' lang='lat' dir='ltr'>ab</span> <span class='ocrx_word' id='word_1_15' title='bbox 782 588 886 662; x_wconf 90' lang='lat' dir='ltr'>isdem,</span> 
     </span>
     <span class='ocr_line' id='line_1_5' title="bbox 227 689 789 764; baseline -0.002 -18"><span class='ocrx_word' id='word_1_16' title='bbox 227 707 243 746; x_wconf 90' lang='lat' dir='ltr'>e</span> <span class='ocrx_word' id='word_1_17' title='bbox 259 690 323 763; x_wconf 91' lang='lat' dir='ltr'>quis</span> <span class='ocrx_word' id='word_1_18' title='bbox 338 689 399 747; x_wconf 90' lang='lat' dir='ltr'>dux</span> <span class='ocrx_word' id='word_1_19' title='bbox 411 689 473 746; x_wconf 88' lang='lat' dir='ltr'>fieri</span> <span class='ocrx_word' id='word_1_20' title='bbox 488 689 607 764; x_wconf 88' lang='lat' dir='ltr'>quilibet</span> <span class='ocrx_word' id='word_1_21' title='bbox 621 697 705 763; x_wconf 91' lang='lat' dir='ltr'>aptus</span> <span class='ocrx_word' id='word_1_22' title='bbox 720 697 789 745; x_wconf 89' lang='lat' dir='ltr'>erat.</span> 
     </span>
     <span class='ocr_line' id='line_1_6' title="bbox 185 786 950 862; baseline -0.001 -17"><span class='ocrx_word' id='word_1_23' title='bbox 185 787 348 846; x_wconf 87' lang='lat' dir='ltr'>Carmentis</span> <span class='ocrx_word' id='word_1_24' title='bbox 362 797 463 862; x_wconf 88' lang='lat' dir='ltr'>portae</span> <span class='ocrx_word' id='word_1_25' title='bbox 479 786 581 844; x_wconf 88' lang='lat' dir='ltr'>dextra</span> <span class='ocrx_word' id='word_1_26' title='bbox 594 795 638 844; x_wconf 91' lang='lat' dir='ltr'>est</span> <span class='ocrx_word' id='word_1_27' title='bbox 652 786 699 843; x_wconf 91' lang='lat' dir='ltr'>via</span> <span class='ocrx_word' id='word_1_28' title='bbox 712 786 844 860; x_wconf 87' lang='lat' dir='ltr'>proxima</span> <span class='ocrx_word' id='word_1_29' title='bbox 858 786 950 844; x_wconf 87' lang='lat' dir='ltr'>Iano:</span> 
     </span>
     <span class='ocr_line' id='line_1_7' title="bbox 226 882 1102 959; baseline -0.002 -17"><span class='ocrx_word' id='word_1_30' title='bbox 226 885 266 942; x_wconf 90' lang='lat' dir='ltr'>ire</span> <span class='ocrx_word' id='word_1_31' title='bbox 281 883 424 959; x_wconf 90' lang='lat' dir='ltr'>perhanc</span> <span class='ocrx_word' id='word_1_32' title='bbox 439 884 507 956; x_wconf 89' lang='lat' dir='ltr'>noli,</span> <span class='ocrx_word' id='word_1_33' title='bbox 523 884 652 958; x_wconf 91' lang='lat' dir='ltr'>quisquis</span> <span class='ocrx_word' id='word_1_34' title='bbox 666 901 707 940; x_wconf 91' lang='lat' dir='ltr'>es.</span> <span class='ocrx_word' id='word_1_35' title='bbox 751 883 849 942; x_wconf 90' lang='lat' dir='ltr'><strong>Omen</strong></span> <span class='ocrx_word' id='word_1_36' title='bbox 863 882 961 940; x_wconf 87' lang='lat' dir='ltr'>habet.</span> <span class='ocrx_word' id='word_1_37' title='bbox 1074 888 1102 927; x_wconf 78' lang='lat'>¹⁰</span> 
     </span>
     <span class='ocr_line' id='line_1_8' title="bbox 186 981 961 1057; baseline -0.006 -16"><span class='ocrx_word' id='word_1_38' title='bbox 186 983 228 1041; x_wconf 89' lang='lat' dir='ltr'>Ut</span> <span class='ocrx_word' id='word_1_39' title='bbox 242 983 330 1039; x_wconf 90' lang='lat' dir='ltr'>celeri</span> <span class='ocrx_word' id='word_1_40' title='bbox 343 1001 428 1057; x_wconf 88' lang='lat' dir='ltr'>passu</span> <span class='ocrx_word' id='word_1_41' title='bbox 446 982 614 1040; x_wconf 89' lang='lat' dir='ltr'>Cremeram</span> <span class='ocrx_word' id='word_1_42' title='bbox 628 981 747 1055; x_wconf 85' lang='lat' dir='ltr'>tetigere</span> <span class='ocrx_word' id='word_1_43' title='bbox 762 998 909 1055; x_wconf 80' lang='lat' dir='ltr'>rapacem,</span> <span class='ocrx_word' id='word_1_44' title='bbox 920 1012 961 1022; x_wconf 89' lang='lat'>-</span> 
     </span>
     <span class='ocr_line' id='line_1_9' title="bbox 226 1078 827 1153; baseline -0.005 -16"><span class='ocrx_word' id='word_1_45' title='bbox 226 1079 357 1137; x_wconf 88' lang='lat' dir='ltr'>turbidus</span> <span class='ocrx_word' id='word_1_46' title='bbox 372 1078 499 1136; x_wconf 89' lang='lat' dir='ltr'>hibernis</span> <span class='ocrx_word' id='word_1_47' title='bbox 513 1078 560 1135; x_wconf 91' lang='lat' dir='ltr'>ille</span> <span class='ocrx_word' id='word_1_48' title='bbox 575 1078 681 1136; x_wconf 89' lang='lat' dir='ltr'>fluebat</span> <span class='ocrx_word' id='word_1_49' title='bbox 696 1078 777 1153; x_wconf 90' lang='lat' dir='ltr'>aquis</span> <span class='ocrx_word' id='word_1_50' title='bbox 786 1111 827 1120; x_wconf 97' lang='lat'><em>-</em></span> 
     </span>
     <span class='ocr_line' id='line_1_10' title="bbox 187 1175 863 1251; baseline -0.001 -18"><span class='ocrx_word' id='word_1_51' title='bbox 187 1185 280 1233; x_wconf 90' lang='lat' dir='ltr'>castra</span> <span class='ocrx_word' id='word_1_52' title='bbox 293 1176 361 1234; x_wconf 91' lang='lat' dir='ltr'>loco</span> <span class='ocrx_word' id='word_1_53' title='bbox 376 1187 499 1251; x_wconf 90' lang='lat' dir='ltr'>ponunt,</span> <span class='ocrx_word' id='word_1_54' title='bbox 515 1175 659 1232; x_wconf 87' lang='lat' dir='ltr'>destrictis</span> <span class='ocrx_word' id='word_1_55' title='bbox 675 1176 792 1233; x_wconf 90' lang='lat' dir='ltr'>ensibus</span> <span class='ocrx_word' id='word_1_56' title='bbox 807 1175 863 1250; x_wconf 91' lang='lat' dir='ltr'>ipsi</span> 
     </span>
     <span class='ocr_line' id='line_1_11' title="bbox 226 1273 913 1350; baseline 0 -19"><span class='ocrx_word' id='word_1_57' title='bbox 226 1273 409 1350; x_wconf 84' lang='lat' dir='ltr'>Tyrrhenum</span> <span class='ocrx_word' id='word_1_58' title='bbox 423 1273 519 1331; x_wconf 92' lang='lat' dir='ltr'>valido</span> <span class='ocrx_word' id='word_1_59' title='bbox 536 1275 630 1330; x_wconf 90' lang='lat' dir='ltr'>Marte</span> <span class='ocrx_word' id='word_1_60' title='bbox 646 1291 699 1347; x_wconf 91' lang='lat' dir='ltr'>per</span> <span class='ocrx_word' id='word_1_61' title='bbox 713 1292 819 1348; x_wconf 87' lang='lat' dir='ltr'>agmen</span> <span class='ocrx_word' id='word_1_62' title='bbox 833 1281 913 1331; x_wconf 90' lang='lat' dir='ltr'>eunt.</span> 
     </span>
     <span class='ocr_line' id='line_1_12' title="bbox 187 1370 1101 1447; baseline -0.002 -19"><span class='ocrx_word' id='word_1_63' title='bbox 187 1372 257 1429; x_wconf 92' lang='lat' dir='ltr'>Non</span> <span class='ocrx_word' id='word_1_64' title='bbox 271 1372 360 1444; x_wconf 90' lang='lat' dir='ltr'>aliter,</span> <span class='ocrx_word' id='word_1_65' title='bbox 376 1391 466 1447; x_wconf 88' lang='lat' dir='ltr'>quam</span> <span class='ocrx_word' id='word_1_66' title='bbox 481 1391 549 1429; x_wconf 91' lang='lat' dir='ltr'>cum</span> <span class='ocrx_word' id='word_1_67' title='bbox 566 1372 677 1446; x_wconf 90' lang='lat' dir='ltr'>Libyca</span> <span class='ocrx_word' id='word_1_68' title='bbox 690 1370 728 1428; x_wconf 92' lang='lat' dir='ltr'>de</span> <span class='ocrx_word' id='word_1_69' title='bbox 743 1389 814 1445; x_wconf 90' lang='lat' dir='ltr'>rupe</span> <span class='ocrx_word' id='word_1_70' title='bbox 829 1370 929 1429; x_wconf 89' lang='lat' dir='ltr'>leones</span> <span class='ocrx_word' id='word_1_71' title='bbox 1073 1377 1101 1426; x_wconf 81' lang='lat'>15</span> 
     </span>
     <span class='ocr_line' id='line_1_13' title="bbox 227 1469 840 1544; baseline -0.003 -18"><span class='ocrx_word' id='word_1_72' title='bbox 227 1469 367 1527; x_wconf 88' lang='lat' dir='ltr'>invadunt</span> <span class='ocrx_word' id='word_1_73' title='bbox 383 1489 497 1544; x_wconf 87' lang='lat' dir='ltr'>sparsos</span> <span class='ocrx_word' id='word_1_74' title='bbox 511 1470 569 1527; x_wconf 89' lang='lat' dir='ltr'>lata</span> <span class='ocrx_word' id='word_1_75' title='bbox 583 1488 716 1544; x_wconf 83' lang='lat' dir='ltr'>perarva</span> <span class='ocrx_word' id='word_1_76' title='bbox 729 1485 840 1543; x_wconf 82' lang='lat' dir='ltr'>greges</span> 
     </span>
     <span class='ocr_line' id='line_1_14' title="bbox 187 1567 919 1643; baseline -0.004 -17"><span class='ocrx_word' id='word_1_77' title='bbox 187 1567 349 1643; x_wconf 85' lang='lat' dir='ltr'>Diffugiunt</span> <span class='ocrx_word' id='word_1_78' title='bbox 364 1569 463 1627; x_wconf 88' lang='lat' dir='ltr'>hostes</span> <span class='ocrx_word' id='word_1_79' title='bbox 478 1569 690 1641; x_wconf 87' lang='lat' dir='ltr'>inhonestaque</span> <span class='ocrx_word' id='word_1_80' title='bbox 705 1567 823 1623; x_wconf 87' lang='lat' dir='ltr'>volnera</span> <span class='ocrx_word' id='word_1_81' title='bbox 836 1575 919 1640; x_wconf 89' lang='lat' dir='ltr'>tergo</span> 
     </span>
     <span class='ocr_line' id='line_1_15' title="bbox 228 1652 868 1741; baseline -0.002 -19"><span class='ocrx_word' id='word_1_82' title='bbox 228 1667 394 1741; x_wconf 88' lang='lat' dir='ltr'>accipiunt:</span> <span class='ocrx_word' id='word_1_83' title='bbox 415 1668 515 1723; x_wconf 90' lang='lat' dir='ltr'>Tusco</span> <span class='ocrx_word' id='word_1_84' title='bbox 531 1652 670 1740; x_wconf 86' lang='lat' dir='ltr'>sanguine</span> <span class='ocrx_word' id='word_1_85' title='bbox 687 1675 761 1722; x_wconf 86' lang='lat' dir='ltr'>terra</span> <span class='ocrx_word' id='word_1_86' title='bbox 775 1664 868 1722; x_wconf 89' lang='lat' dir='ltr'>rubet.</span> 
     </span>
     <span class='ocr_line' id='line_1_16' title="bbox 186 1762 1002 1838; baseline -0.005 -17"><span class='ocrx_word' id='word_1_87' title='bbox 186 1764 233 1822; x_wconf 92' lang='lat' dir='ltr'>Sic</span> <span class='ocrx_word' id='word_1_88' title='bbox 248 1764 360 1834; x_wconf 90' lang='lat' dir='ltr'>iterum,</span> <span class='ocrx_word' id='word_1_89' title='bbox 376 1765 417 1821; x_wconf 89' lang='lat' dir='ltr'>sic</span> <span class='ocrx_word' id='word_1_90' title='bbox 433 1781 521 1838; x_wconf 87' lang='lat' dir='ltr'>saepe</span> <span class='ocrx_word' id='word_1_91' title='bbox 536 1763 655 1821; x_wconf 90' lang='lat' dir='ltr'>cadunt.</span> <span class='ocrx_word' id='word_1_92' title='bbox 697 1762 756 1821; x_wconf 92' lang='lat' dir='ltr'>Ubi</span> <span class='ocrx_word' id='word_1_93' title='bbox 771 1762 887 1818; x_wconf 90' lang='lat' dir='ltr'>vincere</span> <span class='ocrx_word' id='word_1_94' title='bbox 901 1769 1002 1836; x_wconf 91' lang='lat' dir='ltr'>aperte</span> 
     </span>
     <span class='ocr_line' id='line_1_17' title="bbox 226 1860 1102 1934; baseline -0.003 -16"><span class='ocrx_word' id='word_1_95' title='bbox 226 1880 287 1918; x_wconf 90' lang='lat' dir='ltr'>non</span> <span class='ocrx_word' id='word_1_96' title='bbox 303 1861 395 1932; x_wconf 90' lang='lat' dir='ltr'>datur,</span> <span class='ocrx_word' id='word_1_97' title='bbox 411 1860 529 1919; x_wconf 91' lang='lat' dir='ltr'>insidias</span> <span class='ocrx_word' id='word_1_98' title='bbox 544 1879 680 1934; x_wconf 91' lang='lat' dir='ltr'>armaque</span> <span class='ocrx_word' id='word_1_99' title='bbox 696 1870 774 1917; x_wconf 90' lang='lat' dir='ltr'>tecta</span> <span class='ocrx_word' id='word_1_100' title='bbox 790 1868 901 1933; x_wconf 87' lang='lat' dir='ltr'>parant.</span> <span class='ocrx_word' id='word_1_101' title='bbox 1072 1868 1102 1902; x_wconf 80' lang='lat'>²⁰</span> 
     </span>
     <span class='ocr_line' id='line_1_18' title="bbox 186 1957 959 2034; baseline -0.005 -16"><span class='ocrx_word' id='word_1_102' title='bbox 186 1959 315 2034; x_wconf 90' lang='lat' dir='ltr'>Campus</span> <span class='ocrx_word' id='word_1_103' title='bbox 330 1969 399 2016; x_wconf 86' lang='lat' dir='ltr'>erat.</span> <span class='ocrx_word' id='word_1_104' title='bbox 442 1959 549 2034; x_wconf 88' lang='lat' dir='ltr'>Campi</span> <span class='ocrx_word' id='word_1_105' title='bbox 564 1957 740 2016; x_wconf 84' lang='lat' dir='ltr'>claudebant</span> <span class='ocrx_word' id='word_1_106' title='bbox 754 1958 855 2014; x_wconf 91' lang='lat' dir='ltr'>ultima</span> <span class='ocrx_word' id='word_1_107' title='bbox 870 1957 959 2014; x_wconf 90' lang='lat' dir='ltr'>colles</span> 
     </span>
     <span class='ocr_line' id='line_1_19' title="bbox 226 2055 850 2131; baseline -0.006 -17"><span class='ocrx_word' id='word_1_108' title='bbox 226 2057 353 2131; x_wconf 89' lang='lat' dir='ltr'>silvaque</span> <span class='ocrx_word' id='word_1_109' title='bbox 368 2066 522 2114; x_wconf 89' lang='lat' dir='ltr'>montanas</span> <span class='ocrx_word' id='word_1_110' title='bbox 536 2056 671 2114; x_wconf 88' lang='lat' dir='ltr'>occulere</span> <span class='ocrx_word' id='word_1_111' title='bbox 686 2064 755 2129; x_wconf 88' lang='lat' dir='ltr'>apta</span> <span class='ocrx_word' id='word_1_112' title='bbox 769 2055 850 2111; x_wconf 85' lang='lat' dir='ltr'>seras.</span> 
     </span>
     <span class='ocr_line' id='line_1_20' title="bbox 186 2152 928 2228; baseline -0.004 -17"><span class='ocrx_word' id='word_1_113' title='bbox 186 2154 223 2212; x_wconf 92' lang='lat' dir='ltr'>In</span> <span class='ocrx_word' id='word_1_114' title='bbox 237 2153 336 2211; x_wconf 93' lang='lat' dir='ltr'>medio</span> <span class='ocrx_word' id='word_1_115' title='bbox 351 2172 461 2228; x_wconf 90' lang='lat' dir='ltr'>paucos</span> <span class='ocrx_word' id='word_1_116' title='bbox 477 2163 664 2227; x_wconf 89' lang='lat' dir='ltr'>armentaque</span> <span class='ocrx_word' id='word_1_117' title='bbox 678 2171 741 2209; x_wconf 90' lang='lat' dir='ltr'>rara</span> <span class='ocrx_word' id='word_1_118' title='bbox 754 2152 928 2227; x_wconf 87' lang='lat' dir='ltr'>relinquunt,</span> 
     </span>
     <span class='ocr_line' id='line_1_21' title="bbox 226 2251 822 2326; baseline -0.002 -18"><span class='ocrx_word' id='word_1_119' title='bbox 226 2262 324 2308; x_wconf 88' lang='lat' dir='ltr'>cetera</span> <span class='ocrx_word' id='word_1_120' title='bbox 337 2252 463 2326; x_wconf 86' lang='lat' dir='ltr'>virgultis</span> <span class='ocrx_word' id='word_1_121' title='bbox 478 2251 578 2309; x_wconf 93' lang='lat' dir='ltr'>abdita</span> <span class='ocrx_word' id='word_1_122' title='bbox 591 2252 675 2309; x_wconf 88' lang='lat' dir='ltr'>turba</span> <span class='ocrx_word' id='word_1_123' title='bbox 688 2251 767 2308; x_wconf 90' lang='lat' dir='ltr'>latet.</span> <span class='ocrx_word' id='word_1_124' title='bbox 819 2272 822 2277; x_wconf 56' lang='lat'><strong>⁴</strong></span> 
     </span>
     <span class='ocr_line' id='line_1_22' title="bbox 186 2349 1097 2423; baseline -0.003 -16"><span class='ocrx_word' id='word_1_125' title='bbox 186 2350 268 2407; x_wconf 91' lang='lat' dir='ltr'>Ecce</span> <span class='ocrx_word' id='word_1_126' title='bbox 282 2349 360 2407; x_wconf 90' lang='lat' dir='ltr'>velut</span> <span class='ocrx_word' id='word_1_127' title='bbox 374 2359 485 2407; x_wconf 90' lang='lat' dir='ltr'>torrens</span> <span class='ocrx_word' id='word_1_128' title='bbox 499 2349 585 2407; x_wconf 91' lang='lat' dir='ltr'>undis</span> <span class='ocrx_word' id='word_1_129' title='bbox 600 2349 770 2423; x_wconf 89' lang='lat' dir='ltr'>pluvialibus</span> <span class='ocrx_word' id='word_1_130' title='bbox 784 2357 896 2418; x_wconf 85' lang='lat' dir='ltr'>auctus,</span> <span class='ocrx_word' id='word_1_131' title='bbox 1069 2356 1097 2404; x_wconf 81' lang='lat'>25</span> 
     </span>
     <span class='ocr_line' id='line_1_23' title="bbox 225 2444 911 2521; baseline -0.004 -18"><span class='ocrx_word' id='word_1_132' title='bbox 225 2455 274 2504; x_wconf 90' lang='lat' dir='ltr'>aut</span> <span class='ocrx_word' id='word_1_133' title='bbox 288 2447 363 2517; x_wconf 92' lang='lat' dir='ltr'>nive,</span> <span class='ocrx_word' id='word_1_134' title='bbox 379 2465 453 2521; x_wconf 92' lang='lat' dir='ltr'>quae</span> <span class='ocrx_word' id='word_1_135' title='bbox 468 2448 602 2521; x_wconf 89' lang='lat' dir='ltr'>Zephyro</span> <span class='ocrx_word' id='word_1_136' title='bbox 617 2447 694 2503; x_wconf 91' lang='lat' dir='ltr'>victa</span> <span class='ocrx_word' id='word_1_137' title='bbox 708 2456 826 2520; x_wconf 87' lang='lat' dir='ltr'>tepente</span> <span class='ocrx_word' id='word_1_138' title='bbox 842 2444 911 2515; x_wconf 89' lang='lat' dir='ltr'>fluit,</span> 
     </span>
     <span class='ocr_line' id='line_1_24' title="bbox 185 2542 969 2620; baseline 0 -20"><span class='ocrx_word' id='word_1_139' title='bbox 185 2562 238 2620; x_wconf 89' lang='lat' dir='ltr'>per</span> <span class='ocrx_word' id='word_1_140' title='bbox 251 2553 313 2600; x_wconf 89' lang='lat' dir='ltr'>sata</span> <span class='ocrx_word' id='word_1_141' title='bbox 326 2563 437 2618; x_wconf 93' lang='lat' dir='ltr'>perque</span> <span class='ocrx_word' id='word_1_142' title='bbox 452 2545 510 2601; x_wconf 88' lang='lat' dir='ltr'>vias</span> <span class='ocrx_word' id='word_1_143' title='bbox 527 2544 623 2615; x_wconf 88' lang='lat' dir='ltr'>fertur,</span> <span class='ocrx_word' id='word_1_144' title='bbox 639 2562 704 2614; x_wconf 90' lang='lat' dir='ltr'>nec,</span> <span class='ocrx_word' id='word_1_145' title='bbox 720 2553 752 2600; x_wconf 89' lang='lat' dir='ltr'>ut</span> <span class='ocrx_word' id='word_1_146' title='bbox 765 2551 833 2600; x_wconf 88' lang='lat' dir='ltr'>ante</span> <span class='ocrx_word' id='word_1_147' title='bbox 848 2542 969 2614; x_wconf 87' lang='lat' dir='ltr'>solebat,</span> 
     </span>
     <span class='ocr_line' id='line_1_25' title="bbox 224 2641 820 2716; baseline 0 -19"><span class='ocrx_word' id='word_1_148' title='bbox 224 2641 352 2716; x_wconf 88' lang='lat' dir='ltr'>riparum</span> <span class='ocrx_word' id='word_1_149' title='bbox 366 2642 477 2698; x_wconf 90' lang='lat' dir='ltr'>clausas</span> <span class='ocrx_word' id='word_1_150' title='bbox 493 2642 621 2716; x_wconf 88' lang='lat' dir='ltr'>margine</span> <span class='ocrx_word' id='word_1_151' title='bbox 636 2641 698 2697; x_wconf 88' lang='lat' dir='ltr'>linit</span> <span class='ocrx_word' id='word_1_152' title='bbox 713 2659 820 2714; x_wconf 90' lang='lat' dir='ltr'>aquas:</span> 
     </span>
     <span class='ocr_line' id='line_1_26' title="bbox 185 2738 846 2812; baseline -0.002 -17"><span class='ocrx_word' id='word_1_153' title='bbox 185 2738 226 2796; x_wconf 91' lang='lat' dir='ltr'>sic</span> <span class='ocrx_word' id='word_1_154' title='bbox 243 2739 324 2795; x_wconf 91' lang='lat' dir='ltr'>Fabii</span> <span class='ocrx_word' id='word_1_155' title='bbox 339 2739 442 2795; x_wconf 92' lang='lat' dir='ltr'>vallem</span> <span class='ocrx_word' id='word_1_156' title='bbox 457 2739 520 2795; x_wconf 89' lang='lat' dir='ltr'>latis</span> <span class='ocrx_word' id='word_1_157' title='bbox 536 2738 711 2795; x_wconf 90' lang='lat' dir='ltr'>discursibus</span> <span class='ocrx_word' id='word_1_158' title='bbox 726 2738 846 2812; x_wconf 90' lang='lat' dir='ltr'>inplent,</span> 
     </span>
     <span class='ocr_line' id='line_1_27' title="bbox 225 2835 1100 2910; baseline 0 -18"><span class='ocrx_word' id='word_1_159' title='bbox 225 2835 364 2910; x_wconf 91' lang='lat' dir='ltr'>quodque</span> <span class='ocrx_word' id='word_1_160' title='bbox 379 2836 488 2906; x_wconf 89' lang='lat' dir='ltr'>vident,</span> <span class='ocrx_word' id='word_1_161' title='bbox 504 2847 643 2893; x_wconf 87' lang='lat' dir='ltr'>sternunt.</span> <span class='ocrx_word' id='word_1_162' title='bbox 686 2837 752 2892; x_wconf 93' lang='lat' dir='ltr'>Nec</span> <span class='ocrx_word' id='word_1_163' title='bbox 767 2847 860 2892; x_wconf 89' lang='lat' dir='ltr'>metus</span> <span class='ocrx_word' id='word_1_164' title='bbox 875 2835 947 2893; x_wconf 85' lang='lat' dir='ltr'>alter</span> <span class='ocrx_word' id='word_1_165' title='bbox 961 2835 1045 2895; x_wconf 86' lang='lat' dir='ltr'>inest.</span> <span class='ocrx_word' id='word_1_166' title='bbox 1069 2847 1100 2892; x_wconf 78' lang='lat'>3⁰</span> 
     </span>
     <span class='ocr_line' id='line_1_28' title="bbox 184 2931 982 3008; baseline 0.003 -19"><span class='ocrx_word' id='word_1_167' title='bbox 184 2931 253 3008; x_wconf 87' lang='lat' dir='ltr'>Quo</span> <span class='ocrx_word' id='word_1_168' title='bbox 268 2933 356 3004; x_wconf 70' lang='lat' dir='ltr'>ruitis</span> <span class='ocrx_word' id='word_1_169' title='bbox 371 2951 514 3008; x_wconf 87' lang='lat' dir='ltr'>generosa</span> <span class='ocrx_word' id='word_1_170' title='bbox 527 2932 653 2990; x_wconf 86' lang='lat' dir='ltr'>domus?</span> <span class='ocrx_word' id='word_1_171' title='bbox 674 2934 750 2990; x_wconf 88' lang='lat' dir='ltr'>male</span> <span class='ocrx_word' id='word_1_172' title='bbox 766 2932 882 2990; x_wconf 90' lang='lat' dir='ltr'>creditis</span> <span class='ocrx_word' id='word_1_173' title='bbox 897 2933 982 2992; x_wconf 92' lang='lat' dir='ltr'>hosti.</span> 
     </span>
    </p>
   </div>
   <div class='ocr_carea' id='block_1_4' title="bbox 142 3024 814 3105">
    <p class='ocr_par' dir='ltr' id='par_1_4' title="bbox 142 3024 814 3105">
     <span class='ocr_line' id='line_1_29' title="bbox 142 3024 814 3105; baseline -0.001 -16"><span class='ocrx_word' id='word_1_174' title='bbox 142 3024 145 3032; x_wconf 81' lang='grc'><strong>’</strong></span> <span class='ocrx_word' id='word_1_175' title='bbox 225 3030 354 3105; x_wconf 84' lang='lat' dir='ltr'>Simplex</span> <span class='ocrx_word' id='word_1_176' title='bbox 367 3031 510 3101; x_wconf 87' lang='lat' dir='ltr'>nobilitas,</span> <span class='ocrx_word' id='word_1_177' title='bbox 525 3030 638 3104; x_wconf 90' lang='lat' dir='ltr'>perfida</span> <span class='ocrx_word' id='word_1_178' title='bbox 652 3031 709 3087; x_wconf 88' lang='lat' dir='ltr'>tela</span> <span class='ocrx_word' id='word_1_179' title='bbox 723 3048 794 3087; x_wconf 88' lang='lat' dir='ltr'>cave</span> <span class='ocrx_word' id='word_1_180' title='bbox 808 3033 814 3088; x_wconf 84' lang='lat' dir='ltr'>l</span> 
     </span>
    </p>
   </div>
   <div class='ocr_carea' id='block_1_5' title="bbox 182 3127 1100 3886">
    <p class='ocr_par' dir='ltr' id='par_1_5' title="bbox 184 3127 992 3299">
     <span class='ocr_line' id='line_1_30' title="bbox 184 3127 992 3205; baseline 0.002 -19"><span class='ocrx_word' id='word_1_181' title='bbox 184 3127 298 3186; x_wconf 92' lang='lat' dir='ltr'>Fraude</span> <span class='ocrx_word' id='word_1_182' title='bbox 313 3130 388 3203; x_wconf 88' lang='lat' dir='ltr'>perit</span> <span class='ocrx_word' id='word_1_183' title='bbox 401 3129 498 3186; x_wconf 88' lang='lat' dir='ltr'>virtus.</span> <span class='ocrx_word' id='word_1_184' title='bbox 542 3131 578 3185; x_wconf 90' lang='lat' dir='ltr'>ln</span> <span class='ocrx_word' id='word_1_185' title='bbox 592 3138 708 3203; x_wconf 90' lang='lat' dir='ltr'>apertos</span> <span class='ocrx_word' id='word_1_186' title='bbox 723 3128 853 3202; x_wconf 91' lang='lat' dir='ltr'>undique</span> <span class='ocrx_word' id='word_1_187' title='bbox 869 3147 992 3205; x_wconf 90' lang='lat' dir='ltr'>campos</span> 
     </span>
     <span class='ocr_line' id='line_1_31' title="bbox 224 3226 854 3299; baseline 0.003 -18"><span class='ocrx_word' id='word_1_188' title='bbox 224 3226 374 3299; x_wconf 92' lang='lat' dir='ltr'>prosiliunt</span> <span class='ocrx_word' id='word_1_189' title='bbox 389 3226 496 3297; x_wconf 88' lang='lat' dir='ltr'>hostes,</span> <span class='ocrx_word' id='word_1_190' title='bbox 512 3237 541 3284; x_wconf 94' lang='lat' dir='ltr'>et</span> <span class='ocrx_word' id='word_1_191' title='bbox 554 3226 627 3283; x_wconf 91' lang='lat' dir='ltr'>latus</span> <span class='ocrx_word' id='word_1_192' title='bbox 642 3244 729 3283; x_wconf 91' lang='lat' dir='ltr'>omne</span> <span class='ocrx_word' id='word_1_193' title='bbox 745 3235 854 3284; x_wconf 91' lang='lat' dir='ltr'>tenent.</span> 
     </span>
    </p>

    <p class='ocr_par' dir='ltr' id='par_1_6' title="bbox 184 3321 1098 3496">
     <span class='ocr_line' id='line_1_32' title="bbox 184 3321 1098 3398; baseline 0.002 -20"><span class='ocrx_word' id='word_1_194' title='bbox 184 3321 265 3396; x_wconf 92' lang='lat' dir='ltr'>Quid</span> <span class='ocrx_word' id='word_1_195' title='bbox 280 3323 386 3381; x_wconf 87' lang='lat' dir='ltr'>faciant</span> <span class='ocrx_word' id='word_1_196' title='bbox 400 3324 486 3398; x_wconf 90' lang='lat' dir='ltr'>pauci</span> <span class='ocrx_word' id='word_1_197' title='bbox 502 3333 603 3381; x_wconf 87' lang='lat' dir='ltr'>contra</span> <span class='ocrx_word' id='word_1_198' title='bbox 617 3333 660 3381; x_wconf 94' lang='lat' dir='ltr'>tot</span> <span class='ocrx_word' id='word_1_199' title='bbox 674 3323 754 3380; x_wconf 86' lang='lat' dir='ltr'>milia</span> <span class='ocrx_word' id='word_1_200' title='bbox 766 3323 875 3381; x_wconf 84' lang='lat' dir='ltr'>fortes?</span> <span class='ocrx_word' id='word_1_201' title='bbox 1069 3332 1098 3380; x_wconf 85' lang='grc'>35</span> 
     </span>
     <span class='ocr_line' id='line_1_33' title="bbox 225 3419 1018 3496; baseline 0.006 -20"><span class='ocrx_word' id='word_1_202' title='bbox 225 3419 351 3493; x_wconf 89' lang='lat' dir='ltr'>Quidve,</span> <span class='ocrx_word' id='word_1_203' title='bbox 367 3421 448 3495; x_wconf 91' lang='lat' dir='ltr'>quod</span> <span class='ocrx_word' id='word_1_204' title='bbox 462 3423 491 3479; x_wconf 93' lang='lat' dir='ltr'>in</span> <span class='ocrx_word' id='word_1_205' title='bbox 507 3422 611 3479; x_wconf 91' lang='lat' dir='ltr'>misero</span> <span class='ocrx_word' id='word_1_206' title='bbox 626 3431 759 3496; x_wconf 91' lang='lat' dir='ltr'>tempore</span> <span class='ocrx_word' id='word_1_207' title='bbox 774 3430 871 3493; x_wconf 89' lang='lat' dir='ltr'>restet,</span> <span class='ocrx_word' id='word_1_208' title='bbox 887 3421 1018 3481; x_wconf 84' lang='lat' dir='ltr'>habeut?</span> 
     </span>
    </p>

    <p class='ocr_par' dir='ltr' id='par_1_7' title="bbox 183 3517 842 3691">
     <span class='ocr_line' id='line_1_34' title="bbox 183 3517 842 3593; baseline 0 -18"><span class='ocrx_word' id='word_1_209' title='bbox 183 3517 262 3576; x_wconf 89' lang='lat' dir='ltr'>Sicut</span> <span class='ocrx_word' id='word_1_210' title='bbox 277 3536 347 3593; x_wconf 91' lang='lat' dir='ltr'>aper</span> <span class='ocrx_word' id='word_1_211' title='bbox 360 3518 447 3593; x_wconf 87' lang='lat' dir='ltr'>longe</span> <span class='ocrx_word' id='word_1_212' title='bbox 462 3520 537 3577; x_wconf 90' lang='lat' dir='ltr'>silvis</span> <span class='ocrx_word' id='word_1_213' title='bbox 553 3519 744 3576; x_wconf 90' lang='lat' dir='ltr'>Laurentibus</span> <span class='ocrx_word' id='word_1_214' title='bbox 759 3527 842 3576; x_wconf 89' lang='lat' dir='ltr'>actus</span> 
     </span>
     <span class='ocr_line' id='line_1_35' title="bbox 224 3616 798 3691; baseline 0.005 -20"><span class='ocrx_word' id='word_1_215' title='bbox 224 3616 364 3674; x_wconf 87' lang='lat' dir='ltr'>fulmineo</span> <span class='ocrx_word' id='word_1_216' title='bbox 379 3616 487 3674; x_wconf 90' lang='lat' dir='ltr'>celeres</span> <span class='ocrx_word' id='word_1_217' title='bbox 502 3617 621 3691; x_wconf 88' lang='lat' dir='ltr'>dissipat</span> <span class='ocrx_word' id='word_1_218' title='bbox 635 3635 685 3674; x_wconf 92' lang='lat' dir='ltr'>ore</span> <span class='ocrx_word' id='word_1_219' title='bbox 700 3635 798 3688; x_wconf 91' lang='lat' dir='ltr'>canes,</span> 
     </span>
    </p>

    <p class='ocr_par' dir='ltr' id='par_1_8' title="bbox 182 3712 1100 3886">
     <span class='ocr_line' id='line_1_36' title="bbox 182 3712 952 3789; baseline 0.003 -18"><span class='ocrx_word' id='word_1_220' title='bbox 182 3731 253 3771; x_wconf 88' lang='lat' dir='ltr'>mox</span> <span class='ocrx_word' id='word_1_221' title='bbox 267 3724 365 3772; x_wconf 89' lang='lat' dir='ltr'>tamen</span> <span class='ocrx_word' id='word_1_222' title='bbox 380 3714 441 3789; x_wconf 91' lang='lat' dir='ltr'>ipse</span> <span class='ocrx_word' id='word_1_223' title='bbox 456 3715 539 3788; x_wconf 89' lang='lat' dir='ltr'>perit,</span> <span class='ocrx_word' id='word_1_224' title='bbox 554 3715 595 3771; x_wconf 91' lang='lat' dir='ltr'>sic</span> <span class='ocrx_word' id='word_1_225' title='bbox 609 3733 669 3771; x_wconf 91' lang='lat' dir='ltr'>non</span> <span class='ocrx_word' id='word_1_226' title='bbox 685 3715 846 3772; x_wconf 91' lang='lat' dir='ltr'>moriuntur</span> <span class='ocrx_word' id='word_1_227' title='bbox 860 3712 952 3787; x_wconf 90' lang='lat' dir='ltr'>inulti,</span> 
     </span>
     <span class='ocr_line' id='line_1_37' title="bbox 222 3810 1100 3886; baseline 0.003 -19"><span class='ocrx_word' id='word_1_228' title='bbox 222 3810 406 3886; x_wconf 86' lang='lat' dir='ltr'>Vohreraque</span> <span class='ocrx_word' id='word_1_229' title='bbox 422 3812 532 3869; x_wconf 88' lang='lat' dir='ltr'>alterna</span> <span class='ocrx_word' id='word_1_230' title='bbox 545 3811 674 3886; x_wconf 89' lang='lat' dir='ltr'>dantque</span> <span class='ocrx_word' id='word_1_231' title='bbox 689 3812 842 3886; x_wconf 77' lang='lat' dir='ltr'>feruntque</span> <span class='ocrx_word' id='word_1_232' title='bbox 857 3829 956 3872; x_wconf 87' lang='lat' dir='ltr'>manu.</span> <span class='ocrx_word' id='word_1_233' title='bbox 1068 3821 1100 3870; x_wconf 83' lang='lat'>4⁰</span> 
     </span>
    </p>
   </div>
   <div class='ocr_carea' id='block_1_6' title="bbox 0 0 1284 4230">
    <p class='ocr_par' dir='ltr' id='par_1_9' title="bbox 0 0 1284 4230">
     <span class='ocr_line' id='line_1_38' title="bbox 0 0 1284 4230; baseline 0 0"><span class='ocrx_word' id='word_1_234' title='bbox 0 0 1284 4230; x_wconf 95' lang='lat' dir='ltr'> </span> 
     </span>
    </p>
   </div>
  </div>
 </body>
</html>
