2558 4230
458 339 590 404 Lucani
611 337 802 405 Pharsalia.

182 526 254 586 inde
266 526 360 586 virum
373 534 490 602 poteras
505 535 593 600 atque
607 525 676 582 hinc
690 524 815 582 retinere
828 531 992 600 parentem,
1071 529 1102 580 95

181 634 364 700 armatasque
379 642 482 681 manus
499 640 622 680 excusso
637 623 756 697 iungere
770 622 855 694 ferro,

181 732 214 781 ut
227 740 350 798 generos
364 720 480 778 mediae
495 720 604 777 soceris
621 719 740 776 iunxere
755 719 889 778 Sabinae.

182 821 281 879 Morte
295 829 345 877 tua
358 817 490 876 discussa
503 815 587 887 fides,
603 815 772 890 bellumque
787 832 906 873 movere

181 918 353 993 permissum
368 915 501 974 ducibus.
547 913 683 971 Stimulos
700 912 783 970 dedit
798 911 913 970 aemula
925 911 1024 970 virtus.

180 1017 227 1074 Tu
241 1035 318 1074 nova
331 1033 368 1073 ne
382 1024 494 1073 veteres
511 1013 668 1071 obscurent
683 1011 760 1069 facta
775 1009 948 1085 triumphos,
1058 1016 1101 1052 1⁰0

181 1122 211 1171 et
223 1113 307 1172 victis
321 1112 409 1171 cedat
422 1112 543 1188 piratica
561 1111 658 1167 laurea
673 1109 772 1180 Gallis,

182 1212 301 1286 Magne,
316 1212 419 1269 times:
442 1221 471 1268 te
486 1211 544 1267 iam
559 1209 647 1266 series
664 1225 791 1282 ususque
806 1207 949 1280 labomm,

181 1309 272 1383 erigit,
287 1309 498 1383 impatiensque
513 1307 571 1364 loci
587 1308 702 1364 fortuna
718 1304 851 1363 secundi.

181 1406 248 1464 Nec
258 1423 435 1480 quemquam
451 1405 508 1463 iam
523 1405 596 1462 ferre
612 1415 709 1480 potest
721 1406 866 1464 Caesarve
877 1405 1005 1480 priorem

181 1503 374 1578 Pompeiusve
389 1520 500 1577 parem.
544 1503 617 1576 Quis
634 1503 734 1561 iustius
750 1502 844 1561 induit
859 1521 948 1576 arma,

180 1601 253 1658 scire
268 1600 367 1658 nefas:
390 1617 496 1675 magno
511 1618 542 1657 se
558 1599 656 1658 iudice
675 1601 798 1676 quisque
812 1610 927 1661 tuetur:

179 1698 282 1756 victrix
296 1715 384 1755 causa
398 1697 461 1755 deis
476 1697 593 1773 placuit,
611 1697 666 1755 sed
680 1699 757 1756 victa
771 1699 888 1758 Catoni.

181 1796 248 1854 Nec
262 1795 358 1852 coiere
373 1813 474 1870 pares:
497 1795 577 1866 alter,
595 1796 780 1870 vergentibus
795 1797 878 1855 annis

179 1893 211 1950 in
225 1893 338 1950 senium
352 1893 499 1967 longoque
515 1903 600 1968 togae
617 1894 796 1969 tranquillior
808 1914 873 1966 usu,

180 1989 324 2047 dedidicit
338 1990 395 2047 iam
409 2008 483 2065 pace
500 1989 608 2048 ducem
620 2012 628 2063 ;
651 1992 805 2065 famaeque
819 1992 936 2067 petitor,

180 2087 272 2145 multa
286 2086 354 2144 dare
369 2087 398 2143 in
413 2087 513 2162 vulgus
527 2109 535 2159 ;
557 2096 635 2146 totus
651 2089 839 2164 popularibus
854 2090 929 2148 auris

179 2185 298 2260 impelli,
314 2184 474 2258 plausuque
489 2185 533 2242 sui
552 2184 680 2260 gaudere
696 2186 818 2244 theatri:

179 2300 237 2340 nec
250 2300 382 2356 reparare
396 2301 487 2340 novas
503 2282 586 2353 vireS,
606 2283 789 2358 multumque
804 2285 893 2359 priori

180 2378 300 2437 credere
314 2379 455 2437 fortunae.
500 2379 562 2438 Stat
575 2380 673 2454 magni
688 2382 815 2439 nominis
829 2382 952 2441 umbra:

180 2476 272 2552 qualis
286 2476 421 2551 fmgisero
437 2495 560 2551 quercus
577 2477 707 2535 sublimis
722 2478 752 2536 in
766 2497 835 2553 agro

179 2573 296 2631 exuvias
310 2581 422 2631 veteres
438 2573 537 2648 populi
554 2585 723 2648 sacrataque
738 2585 854 2650 gestans

180 2669 261 2729 dona
274 2670 401 2728 ducum:
424 2689 481 2729 nec
497 2671 555 2728 iam
570 2671 672 2729 validis
688 2672 834 2732 radicibus
849 2673 983 2748 haerenS,

179 2767 311 2844 pondere
326 2768 384 2825 fixa
397 2786 451 2826 suo
467 2778 529 2826 est:
553 2768 709 2844 nudosque
725 2788 778 2845 per
791 2789 859 2829 aera
871 2790 970 2830 ramos

180 2865 342 2937 effundens,
358 2874 470 2936 trunco,
486 2883 546 2923 non
561 2865 722 2939 frondibus,
738 2867 827 2926 efficit
840 2869 996 2945 umbram;

180 2971 210 3021 et
224 2962 354 3037 quamvis
368 2963 463 3036 primo
478 2971 560 3020 nutet
576 2982 678 3021 casura
692 2966 746 3024 sub
762 2967 852 3038 Euro,

179 3067 223 3117 tot
237 3059 346 3117 circum
361 3059 447 3117 silvae
463 3060 546 3118 firmo
561 3079 592 3118 se
607 3062 712 3120 robore
727 3063 839 3136 tollant,

180 3157 243 3215 sola
256 3165 354 3214 tamen
368 3157 480 3216 colitur.
527 3158 585 3217 Sed
600 3178 661 3217 non
676 3161 706 3218 in
721 3162 845 3220 Caesare
859 3171 975 3222 tantum
1132 3177 1138 3208 ⁴

179 3271 290 3312 nomen
304 3263 373 3327 erat,
389 3273 446 3313 nec
462 3256 539 3313 sama
555 3256 658 3316 ducis:
681 3259 735 3316 sed
749 3260 850 3317 nescia
862 3260 952 3319 virtus

180 3360 255 3410 stare
269 3351 354 3410 loco:
378 3353 514 3428 solusque
530 3354 635 3428 pudor,
650 3374 711 3414 non
725 3357 842 3415 vincere
856 3357 944 3416 bello.

180 3451 258 3507 Acer
271 3458 301 3508 et
314 3448 473 3508 indomitus
485 3472 493 3523 3
518 3470 577 3527 quo
589 3471 665 3528 spes,
677 3472 796 3530 quoque
810 3455 1005 3529 invocasset,
1055 3465 1096 3515 12⁵

179 3547 253 3604 ferre
267 3565 396 3618 manum,
414 3557 443 3606 et
457 3568 618 3624 numquam
633 3552 805 3610 temerando
820 3570 941 3627 parcere
956 3554 1051 3616 ferro:

180 3659 333 3701 successus
348 3663 450 3720 urgere
466 3663 542 3719 suos,
558 3647 663 3705 instare
678 3649 769 3707 favori

179 3738 326 3800 numinis:
350 3740 502 3817 impellens
517 3743 663 3819 quidquid
677 3745 740 3818 sibi,
756 3765 871 3806 summa
884 3747 1008 3824 petenti,

176 3837 316 3916 abstaret,
330 3838 523 3918 gaudensque
536 3841 616 3902 viam
627 3843 733 3903 iecisse
744 3844 839 3905 ruina„
