2558 4230
424 369 531 436 Liber
554 370 693 439 Tmius.

125 573 176 614 non
190 554 214 614 si
227 565 305 614 terra
318 555 391 614 mari
405 556 575 616 miscebitur
588 567 618 615 et
632 576 711 616 mare
726 557 820 618 caelo.

123 654 190 711 Etsi
204 654 263 712 iam
277 664 379 712 nostro
392 655 480 712 sentit
494 653 532 712 de
547 673 671 731 corpore
685 666 843 731 postquam

121 749 278 809 distractast
291 751 381 809 animi
395 761 498 809 natura
512 753 684 828 animaeque
698 762 837 828 potestas,
998 760 1028 810 45

120 849 155 906 nil
167 859 267 906 tamen
282 859 327 907 est
341 848 378 907 ad
394 867 457 920 nos,
472 850 521 924 qui
536 860 656 926 comptu
671 851 868 927 coniugioque
1019 846 1085 907 (845)

119 947 244 1021 corporis
260 956 347 1021 atque
362 947 476 1004 animae
491 946 676 1004 consistimus
690 948 785 1004 uniter
799 948 868 1023 apti.

118 1043 189 1116 Nec,
205 1043 229 1101 si
243 1043 395 1100 materiem
409 1054 537 1102 nostram
552 1044 702 1119 collegerit
715 1055 795 1102 aetas

117 1151 180 1216 post
194 1142 308 1200 obitum
321 1159 492 1216 rursumque
506 1140 651 1216 redegerit
665 1151 696 1198 ut
710 1142 765 1199 sita
778 1160 857 1200 nunc
871 1150 917 1201 est

116 1247 201 1314 atque
216 1238 321 1296 iterum
335 1237 419 1296 nobis
433 1238 539 1295 fuerint
553 1237 623 1296 data
635 1236 744 1295 lumina
757 1239 843 1310 vitae,
997 1247 1028 1296 50

115 1336 258 1411 pertineat
268 1335 425 1410 quicquam
435 1344 533 1392 tamen
548 1334 587 1392 ad
600 1352 655 1393 nos
670 1334 700 1392 id
712 1353 830 1410 quoque
841 1336 961 1410 factum,
1019 1344 1085 1405 (850)

115 1433 273 1508 interrupta
287 1432 377 1490 semel
392 1450 459 1489 cum
473 1432 509 1489 sit
523 1432 686 1506 repetentia
698 1433 798 1492 nostri.

115 1531 153 1588 Et
165 1548 246 1588 nunc
261 1529 302 1587 nil
316 1528 354 1586 ad
369 1547 422 1586 nos
436 1528 475 1587 de
490 1529 574 1586 nobis
589 1529 701 1600 attinet,
717 1540 785 1587 ante

114 1629 162 1703 qui
176 1628 293 1700 fuimus,
309 1645 398 1701 neque
412 1627 469 1683 iam
484 1626 522 1685 de
537 1626 590 1684 illis
604 1644 658 1684 nos
672 1626 773 1684 adficit
786 1645 886 1702 angor.

115 1726 192 1783 Nam
208 1743 278 1782 cum
292 1723 429 1799 respicias
444 1723 568 1781 inmensi
583 1724 723 1798 temporis
737 1742 826 1782 omne
997 1732 1026 1782 55

114 1823 302 1898 praeteritum
318 1822 452 1896 spatium,
469 1830 530 1879 tum
544 1830 641 1879 motus
655 1822 787 1879 materiai
1017 1817 1083 1878 (855)

113 1918 292 1978 multimodis
307 1937 395 1993 quam
409 1919 473 1989 sint,
490 1919 574 1976 facile
589 1918 647 1977 hoc
661 1918 822 1977 adcredere
837 1919 939 1996 possis,

113 2018 225 2076 semina
238 2033 328 2091 saepe
342 2017 373 2073 in
386 2014 503 2086 eodem,
519 2021 553 2073 ut
567 2034 645 2074 nunc
660 2026 736 2087 sunt,
752 2016 855 2074 ordine
869 2027 955 2092 posta

113 2114 186 2172 haec
200 2113 317 2184 eadem,
331 2113 437 2187 quibus
453 2131 469 2170 e
484 2131 562 2170 nunc
579 2132 633 2171 nos
648 2132 755 2184 sumus,
771 2123 838 2171 ante
853 2114 949 2172 fuisse.

112 2213 177 2270 Nec
191 2211 316 2270 memori
330 2221 428 2268 tamen
443 2210 474 2268 id
485 2211 600 2285 quimus
611 2209 844 2285 repraehendere
856 2218 974 2284 mente,
993 2202 1024 2248 ⁶⁰

110 2309 185 2368 inter
198 2309 279 2367 enirn
294 2309 396 2366 iectast
410 2308 477 2365 vitai
491 2326 582 2384 pausa
596 2325 727 2382 vageque
1015 2303 1081 2363 (880)

111 2405 281 2464 deerrarunt
294 2405 402 2480 passim
416 2414 512 2463 motus
526 2406 564 2464 ab
579 2405 710 2463 sensibus
725 2423 838 2463 omnes.

110 2504 210 2563 Debet
224 2502 313 2574 enim,
327 2502 431 2560 misere
447 2502 470 2560 si
484 2502 557 2560 forte
571 2520 715 2577 aegreque
729 2502 891 2575 futurumst,

109 2601 171 2676 ipse
186 2617 305 2676 quoque
319 2617 383 2657 esse
397 2600 427 2657 in
442 2617 479 2658 eo
493 2609 556 2658 tum
570 2610 711 2675 ternpore,
727 2602 774 2659 cui
788 2601 863 2658 male
878 2600 971 2676 possit

109 2697 256 2756 accidere.
299 2696 335 2755 Id
350 2697 489 2772 quoniam
504 2716 582 2755 mors
596 2698 704 2768 eximit,
720 2716 842 2774 esseque
856 2699 961 2774 probet
994 2707 1024 2765 65

109 2795 189 2852 illum
204 2795 253 2852 cui
267 2795 379 2870 possint
393 2794 583 2852 incommoda
597 2795 754 2866 conciliari,
1015 2790 1081 2852 (865)

111 2892 184 2950 scire
197 2892 267 2949 licet
280 2892 365 2950 nobis
379 2891 419 2949 nil
433 2910 497 2950 esse
512 2893 541 2950 in
558 2903 650 2951 morte
666 2893 827 2952 timendum

109 3006 166 3046 nec
180 2989 317 3046 miserum
331 2988 393 3047 fieri
417 2989 466 3064 qui
481 3008 543 3048 non
558 3000 603 3048 est
617 3008 713 3066 posse,
729 3010 826 3067 neque
841 2991 933 3050 hilum

111 3084 224 3144 differre
239 3103 315 3143 anne
329 3086 388 3144 ullo
403 3087 487 3145 fuerit
501 3087 559 3146 iarn
573 3097 705 3163 tempore
720 3099 814 3161 natus,

109 3183 263 3242 mortalem
276 3183 364 3241 vitam
379 3202 457 3242 mors
473 3202 542 3242 curn
557 3185 715 3244 inmortalis
729 3186 848 3245 ademit.
994 3197 1025 3242 70

151 3378 234 3436 ‘Iam
247 3377 306 3435 iam
319 3395 381 3436 non
395 3375 501 3437 domus
516 3379 641 3456 accipiet
654 3389 682 3437 te
697 3381 781 3452 laeta,
795 3398 892 3456 neque
906 3399 980 3441 uxor

110 3476 223 3550 optima
236 3493 293 3533 nec
307 3474 408 3534 dulces
423 3486 577 3534 occurrent
591 3478 691 3535 oscula
704 3479 765 3536 nati
1014 3472 1079 3534 (895)

110 3573 273 3648 praeripere
288 3582 318 3630 et
332 3573 419 3630 tacita
433 3583 535 3648 pectus
551 3572 707 3632 dulcedine
721 3583 850 3650 tangent.

112 3669 181 3728 Non
195 3669 305 3746 poteris
318 3669 401 3728 iactis
415 3669 582 3728 florentibus
594 3689 666 3742 esse,
682 3672 796 3747 tuisque

111 3766 298 3842 praesidium.
341 3767 449 3824 Misero
464 3767 584 3824 misere’
600 3769 680 3825 aiunt
696 3769 813 3827 ‘omnia
826 3767 938 3828 ademit
993 3777 1023 3827 7⁵

112 3882 171 3923 una
183 3863 248 3924 dies
261 3863 366 3922 infesta
378 3863 430 3922 tibi
444 3873 487 3923 tot
501 3865 630 3940 praemia
643 3866 738 3924 vitae)
