2558 4230
495 345 624 410 nrum
644 346 794 432 Elegzae.

191 530 309 606 qualem
324 540 353 590 te
368 541 532 591 memorant
546 532 670 592 Saturno
683 549 752 608 rege
767 532 867 608 fugato

231 629 334 688 victori
348 628 450 688 laudes
465 631 650 689 concinuisse
666 631 739 689 Iovi.

189 727 237 785 Tu
251 727 356 802 procul
369 736 508 785 eventura
521 726 613 799 vides,
630 728 683 786 tibi
698 727 814 786 deditus
829 744 921 803 augur

231 825 286 883 scit
300 825 377 883 bene
392 823 464 900 quid
478 825 528 882 fati
542 825 666 900 provida
680 835 779 884 cantet
792 826 862 896 avis,

190 931 281 997 tuque
294 922 370 998 regis
384 931 486 993 sortes,
501 939 554 996 per
568 932 597 979 te
612 923 770 998 praesentit
784 939 918 998 aruspex,

229 1020 340 1078 lubrica
353 1021 476 1096 signavit
490 1038 560 1078 cunr
575 1019 648 1078 deus
663 1031 730 1078 exta
744 1021 840 1078 notis:

190 1125 220 1176 te
234 1118 311 1176 duce
326 1119 478 1176 Romanos
492 1136 653 1193 numquam
669 1118 800 1176 frustrata
814 1118 921 1194 Sibylla
1080 1125 1107 1173 1⁵

230 1215 331 1274 abdita
344 1233 421 1291 quae
435 1217 513 1274 senis
527 1216 586 1273 fata
601 1217 680 1274 canit
694 1215 819 1291 pedibus
832 1219 838 1274 l

191 1313 320 1382 Phoebe,
335 1331 431 1371 sacras
447 1313 639 1371 Messalinum
652 1313 715 1371 sine
730 1323 849 1389 tangere
865 1313 979 1372 chartas

230 1411 312 1481 vatis,
327 1410 433 1485 etipse
447 1428 552 1486 precor
567 1410 649 1485 quod
664 1421 751 1468 canat
766 1411 813 1468 illa
827 1409 914 1468 doce.

191 1507 278 1565 Haec
292 1506 376 1564 dedit
389 1508 508 1565 Aeneae
523 1517 625 1578 sortes,
640 1519 797 1582 postquam
811 1508 858 1566 ille
872 1517 1026 1584 parentem

230 1603 336 1661 dicitur
349 1614 378 1661 et
392 1615 490 1679 raptos
505 1605 674 1663 sustinuisse
691 1606 788 1676 Lares,
1073 1615 1105 1651 ⁸⁰

191 1718 247 1758 nec
260 1701 322 1759 sore
337 1700 476 1760 credebat
490 1703 627 1773 Romam,
643 1720 711 1759 curn
726 1711 853 1760 maestus
868 1701 905 1761 ab
919 1702 978 1762 alto

231 1798 306 1855 Ilion
321 1797 456 1856 ardentes
470 1799 686 1873 respiceretque
701 1799 785 1858 deos.

197 1894 354 1971 (Romulus
368 1905 504 1953 aeternae
519 1895 652 1954 nondum
667 1897 830 1954 firmaverat
844 1895 922 1955 urbis

230 1993 356 2064 moenia,
370 1993 499 2050 consorti
514 2011 574 2050 non
590 1993 748 2051 habitanda
762 1995 870 2066 Remo,

192 2088 243 2147 sed
257 2100 328 2147 tuuc
342 2090 503 2164 pascebant
517 2089 643 2148 herbosa
658 2091 767 2148 Palatia
780 2108 890 2149 vaccae

230 2196 259 2243 et
273 2187 388 2244 stabant
402 2186 526 2244 humiles
541 2187 570 2243 in
586 2188 664 2245 Iovis
678 2206 746 2246 arce
760 2206 856 2246 casae.

193 2283 279 2341 lacte
295 2282 418 2340 madens
433 2283 490 2340 illic
504 2284 620 2342 suberat
636 2287 697 2342 Pan
712 2285 785 2343 ilicis
800 2285 920 2344 umbrae

229 2391 258 2438 et
271 2381 350 2438 facta
362 2381 467 2456 agresti
482 2381 577 2456 lignea
591 2382 665 2439 falce
681 2383 771 2452 Pales,

192 2477 397 2553 pendebatque
412 2479 476 2552 vagi
491 2479 613 2552 pastoris
628 2480 657 2536 in
672 2479 774 2537 arbore
788 2490 899 2551 votum,

228 2576 339 2651 garrula
353 2575 474 2632 silvestri
487 2575 582 2633 fistula
595 2595 677 2634 sacra
691 2576 758 2648 de0,

191 2672 291 2744 fistula,
306 2674 354 2730 cui
369 2691 486 2747 semper
500 2673 644 2731 decrescit
658 2673 807 2731 arundinis
821 2673 914 2733 ordo:

228 2789 296 2828 nam
310 2770 440 2828 calamus
455 2789 522 2827 cera
535 2771 661 2846 iungitur
674 2790 766 2846 usque
781 2772 885 2830 minor.

192 2869 227 2925 At
238 2886 298 2943 qua
310 2867 427 2925 Velabri
441 2868 521 2942 regio
535 2878 624 2943 patet,
642 2869 682 2925 ire
697 2869 811 2926 solebat

227 2966 347 3041 exiguus
362 2964 440 3039 pulla
455 2983 508 3039 per
521 2965 596 3023 vada
609 2965 695 3023 linter
707 2964 809 3040 aqua.)

192 3064 336 3138 ‘Impiger
350 3064 461 3133 Aenea,
475 3063 620 3120 volitantis
635 3064 722 3120 frater
736 3063 861 3133 Amoris,

226 3161 333 3218 Troica
347 3160 396 3234 qui
411 3160 539 3235 profugis
554 3179 635 3218 sacra
649 3160 730 3218 vehis
743 3161 861 3232 ratibus,

191 3257 244 3316 iam
258 3258 311 3316 tibi
327 3258 486 3315 laurentes
500 3258 627 3332 assignat
643 3257 775 3332 Iuppiter
788 3276 884 3332 agros,

226 3356 283 3412 iam
298 3365 384 3412 vocat
399 3364 525 3412 errantes
540 3355 658 3430 hospita
671 3364 747 3413 terra
762 3355 860 3413 Lares.

191 3451 249 3510 Illic
264 3462 382 3510 sanctus
397 3452 461 3522 eris,
478 3470 547 3509 cum
561 3462 590 3509 te
605 3452 773 3510 veneranda
788 3450 910 3510 Numici

226 3549 306 3608 unda
320 3549 410 3607 deum
425 3550 508 3607 caelo
523 3550 632 3607 miserit
648 3549 823 3625 indigetem.

190 3646 267 3705 Ecce
282 3665 370 3722 super
384 3648 472 3705 fessas
485 3647 586 3705 volitat
599 3648 729 3705 Victoria
742 3664 866 3721 puppes,

226 3743 347 3803 tandem
361 3745 400 3802 ad
414 3745 556 3803 Troianos
572 3745 640 3803 diva
653 3746 780 3820 superba
792 3744 881 3803 venit.

188 3838 267 3898 Ecce
278 3840 352 3898 mihi
362 3841 462 3900 lucent
475 3843 592 3904 Rutulis
609 3843 754 3907 incendia
768 3844 893 3908 castrist
