2558 4230
490 311 618 375 Tibulli
638 311 787 396 Elegiae.

191 497 301 557 Omnia
315 497 372 554 sint
386 507 508 573 operata
521 496 579 554 deo
592 519 598 554 :
621 514 682 554 non
696 494 803 554 audeat
816 494 874 554 ulla

230 595 377 652 lanificam
391 595 489 669 pensis
504 594 677 669 imposuisse
692 612 821 652 manum.

191 692 279 751 Casta
293 692 410 766 placent
425 692 554 766 superis:
577 710 651 766 pura
665 710 734 749 cum
747 700 827 748 veste
843 690 942 749 venite

137 820 139 825 ·
231 798 260 846 et
274 789 408 845 manibus
423 789 501 862 puris
516 790 621 845 sumite
637 788 724 845 fontis
740 806 855 862 aquam.

189 885 317 956 Cernite,
333 885 476 960 fulgentes
491 895 523 942 ut
537 894 584 942 eat
598 903 681 942 sacer
695 904 787 960 agnus
801 885 839 942 ad
854 903 916 943 aras

229 984 385 1056 vinctaque
400 992 467 1058 post
481 983 546 1039 olea
560 982 689 1039 candida
703 983 786 1040 turba
800 1001 910 1040 comas

190 1079 241 1138 Dii
256 1080 348 1154 patrii,
364 1098 520 1154 purgamus
535 1098 628 1154 agroS,
644 1098 801 1154 purgamus
815 1089 961 1154 agrestes:

229 1195 282 1234 vos
297 1177 373 1234 mala
387 1177 425 1234 de
440 1178 545 1234 nostris
560 1179 658 1252 pellite
673 1178 833 1249 limitibus·

188 1292 247 1332 neu
262 1293 345 1348 seges
360 1274 460 1332 eludat
474 1293 601 1332 messem
616 1275 764 1332 fallacibus
779 1274 885 1347 herbiS,

199 1397 201 1402 ·
229 1392 289 1430 neu
304 1374 404 1431 timeat
418 1375 527 1431 celeres
542 1374 651 1431 tardior
664 1392 740 1448 agna
754 1375 848 1448 lupos,

189 1472 276 1528 Tunc
290 1470 399 1528 nitidus
414 1471 507 1546 plenis
523 1472 650 1528 confisus
664 1471 788 1528 rusticus
804 1471 878 1546 agris

229 1568 341 1642 ingeret
356 1567 470 1625 ardenti
484 1568 606 1642 grandia
619 1568 698 1643 ligna
712 1568 789 1639 foc0‚

188 1666 331 1740 turbaque
346 1666 511 1736 vernarumj
524 1667 612 1723 saturi
627 1667 706 1723 bona
720 1665 803 1740 signa
817 1663 923 1739 coloni,

229 1761 311 1819 ludet
326 1772 355 1819 et
370 1781 406 1819 ex
420 1763 505 1837 virgis
521 1772 633 1820 extruet
647 1773 714 1819 ante
731 1781 821 1820 casas.

189 1857 339 1916 Eventura
352 1878 474 1934 precor:
497 1859 586 1917 viden
601 1870 632 1917 ut
646 1860 778 1917 felicibus
793 1860 866 1917 extis

229 1957 372 2030 significet
387 1956 518 2030 placidos
533 1958 635 2014 nuntia
648 1957 720 2014 fibra
734 1956 829 2014 deos?

189 2054 279 2111 Nunc
294 2055 365 2111 mihi
380 2055 511 2111 fumosos
525 2056 629 2112 veteris
644 2056 771 2129 proferte
788 2055 926 2112 Falernos

229 2152 357 2209 consulis
372 2161 401 2209 et
416 2152 492 2210 Chio
506 2153 607 2209 solvite
623 2153 717 2209 vincla
731 2151 818 2209 cado.

187 2248 265 2305 Vina
278 2248 358 2307 diem
374 2249 541 2307 celebrent:
564 2268 625 2306 non
640 2250 713 2306 festa
727 2249 793 2306 luce
808 2247 928 2306 madere

197 2350 198 2356 ’
229 2355 273 2402 est
286 2346 382 2417 rubor,
398 2355 526 2403 errantes
541 2355 570 2403 et
584 2346 659 2403 male
673 2347 746 2403 serre
761 2346 863 2421 pedes.
1110 2342 1161 2403 (30)

188 2441 248 2500 Sed
263 2444 357 2500 ‘bene
373 2444 540 2500 Messalam'
556 2463 606 2502 sua
622 2444 745 2518 quisque
760 2443 798 2501 ad
814 2443 921 2519 pocula
936 2443 1016 2502 dicat

227 2557 338 2597 nomen
353 2550 383 2598 et
397 2541 525 2598 absentis
539 2541 651 2616 singula
665 2542 752 2599 verba
767 2551 881 2599 sonent.
1074 2551 1106 2598 30

188 2635 293 2694 Gentis
307 2638 470 2712 Aquitanae
486 2639 602 2696 celeber
617 2638 744 2695 Messala
759 2637 912 2714 triumphis

228 2742 259 2790 et
273 2752 379 2808 magna
393 2735 513 2792 intonsis
528 2736 618 2809 gloria
631 2736 725 2793 victor
739 2736 808 2808 avis,
1160 2805 1164 2812 ι

187 2829 247 2887 huc
261 2830 332 2888 ades
347 2832 499 2906 aspiraque
514 2832 593 2904 mihi,
606 2832 679 2890 dum
694 2835 822 2892 carmine
838 2843 940 2892 nostro
1108 2830 1160 2891 (35)

227 2927 359 2985 redditur
374 2930 505 3003 agricolis
520 2930 611 3004 gratia
626 2931 785 2989 caelitibus.

186 3025 269 3081 Rura
283 3043 359 3082 cano
373 3027 503 3100 rurisque
518 3026 600 3084 deos.
645 3029 701 3084 His
717 3029 775 3084 vita
789 3027 931 3102 magistris
1073 3035 1104 3085 35

228 3120 361 3180 desuevit
374 3141 486 3198 querna
498 3125 605 3198 pellere
621 3124 727 3199 glande
744 3126 869 3184 famem:

186 3217 226 3274 illi
241 3219 411 3293 compositis
427 3221 552 3294 primum
568 3220 696 3278 docuere
712 3223 807 3296 tigillis

227 3315 362 3389 exiguam
376 3315 459 3373 viridi
474 3317 577 3374 fronde
593 3319 706 3392 operire
722 3319 854 3392 domum,
1109 3315 1160 3377 (40)

185 3410 225 3468 illi
240 3412 328 3468 etiarn
343 3423 440 3469 tauros
456 3414 539 3487 primi
554 3413 690 3472 docuisse
706 3416 834 3474 feruntur

226 3508 373 3565 servitium
388 3517 417 3565 et
431 3508 558 3583 plaustro
573 3513 761 3585 supposuisse
776 3523 879 3571 rotam.
1072 3524 1104 3571 40

185 3603 271 3660 Tunc
293 3605 385 3662 victus
404 3605 500 3664 abiere
524 3607 585 3677 feri,
601 3616 671 3664 tunc
686 3610 799 3666 consita
814 3627 930 3684 pomus,

224 3710 295 3757 tunc
310 3700 383 3757 bibit
397 3700 515 3776 irriguas
530 3703 628 3761 fertilis
642 3704 741 3762 hortus
756 3725 856 3780 aquaS,

185 3814 273 3856 aurea
286 3807 356 3856 tunc
371 3815 487 3872 pressos
502 3800 626 3875 pedibus
641 3801 724 3860 dedit
739 3821 794 3861 uva
808 3803 935 3879 liquores
1107 3800 1158 3864 (45)
