2558 4230
447 334 501 398 De
523 334 650 398 Rerum
675 333 816 399 Natura.

208 540 283 598 quae
299 538 395 595 neque
410 528 485 578 terra
499 519 553 577 sibi
568 517 691 577 adscivit
706 536 761 576 nec
776 517 920 576 maximus
936 519 1048 592 aether,

207 619 288 695 quod
304 636 400 693 neque
416 627 476 676 tam
491 617 607 674 fuerunt
623 616 719 691 gravia
734 625 766 673 ut
781 615 920 691 depressa
934 617 1081 688 sederent,

208 736 264 776 nec
279 718 353 775 levia
367 726 399 774 ut
413 725 534 791 possent
548 733 600 790 per
616 732 744 772 summas
760 715 849 773 labier
862 733 937 787 oras,
1045 733 1088 780 150
1096 719 1158 779 (475)

209 825 238 873 et
251 825 350 873 tamen
364 814 560 887 interutraque
578 814 617 870 ita
632 823 700 871 sunt
714 822 746 870 ut
761 831 885 887 corpora
898 812 962 871 viva

207 921 323 970 versent
338 920 367 968 et
380 921 476 987 partes
490 920 523 968 ut
538 910 640 969 mundi
656 910 744 967 totius
759 918 866 968 extent

250 1108 277 1165 It
290 1124 341 1163 ver
355 1115 385 1164 et
397 1106 507 1176 Venus,
523 1113 552 1162 et
565 1104 688 1162 Veneris
703 1103 891 1179 praenuntius
906 1112 975 1162 ante

208 1212 352 1279 pennatus
367 1202 503 1277 graditur,
518 1202 637 1277 zephyri
662 1201 781 1275 vestigia
795 1209 915 1276 propter

210 1301 297 1359 Flora
311 1300 415 1375 quibus
430 1309 523 1357 mater
537 1316 747 1374 praespargens
761 1308 829 1356 ante
843 1298 899 1356 viai
1042 1310 1085 1360 155

207 1404 314 1452 cuncta
328 1395 473 1452 coloribus
488 1394 610 1469 egregiis
626 1404 655 1450 et
670 1393 808 1452 odoribus
824 1394 935 1470 opplet.
1095 1390 1157 1451 (740)

206 1491 282 1550 Inde
297 1492 354 1549 loci
369 1492 498 1565 sequitur
512 1492 591 1548 calor
605 1490 702 1548 aridus
717 1501 747 1548 et
761 1510 861 1549 eomes
874 1510 934 1550 una

206 1589 406 1664 pulverulenta
420 1590 509 1647 Ceres
524 1597 553 1645 et
564 1589 654 1646 etesia
669 1589 757 1646 flabra
770 1588 949 1662 aquilonum.

207 1687 282 1745 Inde
297 1697 451 1745 autumnus
465 1686 535 1757 adit,
550 1687 679 1761 graditur
693 1686 778 1744 simul
793 1686 903 1744 Euhius
915 1688 1010 1746 Euan.

207 1784 282 1841 Inde
297 1785 369 1840 aliae
384 1793 572 1858 tempestates
587 1785 723 1858 ventique
739 1794 883 1856 secuntur,
1040 1783 1083 1829 1⁶⁰

206 1880 360 1937 altitonans
373 1882 531 1938 Volturnus
548 1891 577 1938 et
592 1892 687 1940 auster
702 1882 820 1939 fulmine
835 1882 957 1957 pollens.
1094 1880 1157 1941 (745)

204 1976 340 2034 Tandem
353 1978 456 2034 bruma
469 1979 550 2036 nives
564 1979 657 2037 adfert
671 1981 842 2054 pigrumque
857 1981 991 2054 rigorem,

204 2074 303 2150 prodit
316 2075 440 2150 hiemps,
457 2076 585 2149 sequitur
600 2077 745 2152 crepitans
760 2077 836 2135 hanc
852 2076 989 2136 dentibus
1003 2078 1093 2154 algor.

246 2269 336 2344 Quod
351 2279 491 2345 superest,
509 2271 647 2345 quoniam
662 2271 759 2345 magni
773 2289 826 2346 per
840 2271 956 2330 caerula
969 2270 1074 2331 mundi

205 2384 263 2441 qua
276 2367 337 2424 fieri
352 2367 493 2442 quicquid
509 2377 610 2442 posset
624 2369 736 2426 ratione
751 2369 863 2440 resolvi,
1039 2368 1106 2426 1⁶5!

204 2464 272 2522 solis
286 2465 327 2522 uti
342 2467 435 2523 varios
450 2483 549 2522 cursus
565 2465 708 2539 lunaeque
723 2474 835 2523 meatus

108 2600 109 2604 =
204 2579 326 2619 noscere
341 2580 493 2637 possemus
509 2579 584 2636 quae
599 2563 640 2619 vis
656 2571 685 2619 et
699 2581 788 2621 causa
802 2563 900 2636 cieret,
1094 2561 1156 2622 (775)

204 2673 300 2731 quove
322 2657 415 2716 modo
432 2667 554 2733 possent
568 2658 675 2716 offecto
690 2659 798 2717 lumine
813 2661 894 2718 obire

204 2764 234 2812 et
247 2773 344 2830 neque
359 2756 504 2830 opinantis
520 2757 646 2814 tenebris
663 2755 811 2814 obducere
826 2766 923 2829 terras,

204 2870 272 2910 cum
287 2853 367 2927 quasi
383 2853 519 2910 conivent
534 2863 563 2910 et
579 2863 680 2928 aperto
695 2853 803 2911 lumine
818 2873 930 2914 rursum
1037 2866 1081 2913 17⁰

203 2950 303 3008 omnia
316 2951 469 3009 convisunt
483 2951 560 3008 clara
573 2950 639 3008 loca
655 2950 782 3009 candida
795 2951 868 3022 luce,

202 3065 282 3105 nunc
296 3047 386 3106 redeo
401 3049 439 3106 ad
453 3048 555 3106 mundi
571 3050 728 3108 novitatem
744 3059 773 3107 et
786 3050 884 3107 mollia
897 3059 989 3109 terrae
1089 3049 1156 3109 (780)

203 3162 278 3216 arva,
293 3164 372 3203 novo
386 3146 445 3203 fetu
460 3146 530 3220 quid
545 3147 671 3221 primum
687 3149 717 3205 in
731 3130 845 3205 luminis
860 3165 924 3206 oras

202 3241 302 3299 tollere
318 3251 347 3299 et
361 3243 477 3299 incertis
492 3244 598 3300 crerint
614 3245 795 3302 committere
812 3245 914 3303 ventis.

244 3341 389 3416 Principio
398 3359 489 3415 genus
498 3341 651 3400 herbarum
660 3343 840 3418 viridemque
850 3345 974 3406 nitorem
1035 3365 1077 3415 175

201 3445 277 3497 terra
290 3437 373 3496 dedit
387 3440 497 3496 circum
512 3440 594 3497 collis
609 3458 788 3517 camposque
802 3461 856 3518 per
869 3445 974 3516 omnis,

201 3534 304 3593 florida
318 3534 456 3593 fulserunt
469 3535 603 3594 viridanti
618 3547 699 3611 prata
714 3539 822 3611 colore,
1088 3540 1154 3600 (78⁵)

201 3632 409 3706 arboribusque
424 3632 551 3691 datumst
565 3633 648 3691 variis
663 3635 770 3693 exinde
784 3654 837 3711 per
850 3656 933 3697 auras

201 3727 354 3786 crescendi
369 3748 505 3804 magnum
521 3731 645 3789 inmissis
660 3743 807 3790 certamen
822 3733 952 3794 habenis.

200 3825 243 3886 Ut
255 3825 355 3901 pluma
368 3835 456 3901 atque
471 3828 521 3903 pili
535 3829 660 3905 primum
675 3839 831 3906 saetaeque
845 3842 979 3896 creantur
1033 3847 1075 3893 180
