2558 4230
397 325 503 392 liber
523 324 678 406 Quintus.
1021 343 1061 408 41

115 511 326 590 quadripedum
339 512 476 572 membris
491 521 521 571 et
534 529 657 588 corpore
671 511 925 588 pennipotentum,

114 611 152 668 sic
166 629 244 669 nova
257 620 320 668 tum
334 611 417 668 tellus
432 610 535 669 herbas
549 610 727 685 virgultaque
742 611 869 685 primum
997 605 1062 666 (790)

113 708 231 780 sustulit,
247 707 318 766 inde
332 708 389 766 loci
403 708 533 766 mortalia
547 708 643 766 saecla
656 708 764 766 creavit

112 806 200 864 multa
212 805 310 864 modis
325 805 421 864 multis
434 805 511 863 varia
524 805 635 863 ratione
650 813 759 863 coorta

149 1003 187 1059 At
200 1018 294 1076 genus
309 1000 468 1058 humanum
482 1000 573 1058 multo
587 999 639 1056 fuit
654 997 724 1056 illud
738 997 768 1056 in
783 997 856 1057 arvis
941 1007 982 1065 τες
996 1006 1061 1065 (925)

112 1097 218 1169 durius,
232 1107 266 1156 ut
279 1097 389 1168 decuit,
404 1097 486 1154 tellus
501 1095 581 1171 quod
596 1094 669 1153 dura
683 1105 819 1167 creasset,

112 1205 140 1253 et
153 1195 311 1254 maioribus
326 1204 355 1252 et
370 1193 469 1251 solidis
483 1193 574 1268 magis
589 1193 702 1250 ossibus
716 1193 792 1250 intus

111 1293 273 1362 fundatum,
288 1291 390 1350 validis
404 1301 504 1365 aptum
518 1308 571 1364 per
584 1290 695 1347 viscera
709 1290 812 1360 nervis,

111 1408 166 1447 nec
179 1390 265 1447 facile
281 1407 318 1446 ex
332 1398 413 1446 aestu
429 1405 486 1445 nec
500 1388 604 1462 frigore
620 1386 701 1462 quod
717 1396 870 1462 caperetur
883 1454 888 1464 Ι

111 1505 166 1545 nec
180 1487 310 1545 novitate
326 1486 384 1545 cibi
398 1503 453 1543 nec
469 1485 525 1543 labi
540 1485 670 1559 corporis
685 1484 750 1542 ulla.
941 1493 984 1539 190
996 1480 1061 1539 (930)

111 1586 265 1659 Multaque
279 1601 332 1658 per
346 1583 460 1641 caelum
474 1583 541 1640 solis
555 1582 701 1639 volventia
714 1581 802 1639 lustra

110 1683 261 1758 volgivago
275 1683 365 1739 vitam
378 1680 539 1739 tractabant
555 1698 635 1737 more
651 1679 783 1738 ferarum.

112 1781 176 1838 Nec
191 1780 326 1838 robustus
341 1788 402 1836 erat
415 1777 495 1835 curvi
508 1776 677 1835 moderator
690 1776 774 1834 aratri

112 1879 274 1953 quisquam,
289 1894 345 1935 nec
360 1877 453 1934 scibat
468 1877 542 1934 ferro
557 1876 684 1933 molirier
698 1894 765 1933 arva

111 1993 166 2033 nec
180 1994 258 2033 nova
268 1974 408 2032 defodere
423 1974 452 2031 in
466 1983 571 2031 terram
581 1972 702 2047 virgulta
714 1990 809 2047 neque
820 1971 884 2030 altis
942 1993 982 2041 195
996 1981 1061 2040 (935)

112 2073 260 2132 arboribus
274 2081 386 2130 veteres
401 2070 538 2128 decidere
553 2071 668 2128 falcibu’
684 2088 788 2127 ramos.

113 2170 201 2244 Quod
215 2170 260 2229 sol
273 2180 361 2245 atque
376 2170 483 2227 imbres
497 2167 650 2237 dederant,
665 2166 745 2242 quod
759 2177 834 2224 terra
848 2173 958 2223 crearat

112 2278 214 2342 sponte
229 2286 290 2339 sua,
305 2268 373 2326 satis
387 2265 419 2324 id
433 2266 566 2341 placabat
580 2274 701 2339 pectora
715 2263 837 2321 donum.

113 2364 295 2424 Glandiferas
309 2365 383 2423 inter
397 2364 537 2421 curabant
551 2380 676 2437 corpora
689 2379 813 2435 quercus

112 2463 281 2539 plerumque
293 2482 301 2535 3
316 2471 346 2520 et
353 2479 428 2537 quae
438 2480 516 2519 nunc
527 2461 648 2518 hiberno
658 2470 790 2534 tempore
801 2457 895 2516 cernis
941 2479 985 2513 200
997 2464 1062 2524 (940)

112 2560 202 2620 arbita
214 2560 342 2636 puniceo
357 2559 417 2617 fieri
430 2568 542 2616 matura
556 2558 664 2628 colore,

112 2658 234 2732 plurima
248 2667 310 2715 tum
323 2657 407 2714 tellus
421 2657 509 2714 etiam
524 2655 635 2713 maiora
649 2654 767 2713 serebat.

113 2754 264 2829 Multaque
278 2763 428 2829 praeterea
441 2745 554 2810 novitas
569 2762 631 2809 tum
646 2751 748 2809 florida
762 2749 866 2808 mundi

113 2852 217 2925 pabula
231 2850 304 2910 dura
316 2851 388 2921 tulit,
404 2851 514 2909 miseris
525 2849 694 2908 mortalibus
708 2850 814 2924 ampla.

111 2949 148 3005 At
162 2948 265 3006 sedare
280 2948 357 3005 sitim
371 2947 447 3004 fluvii
462 2948 616 3022 fontesque
633 2947 784 3015 vocabant,
942 2950 984 2999 205
997 2938 1063 2998 (945)

114 3055 142 3102 ut
155 3063 235 3102 nunc
249 3044 396 3103 montibus
411 3062 427 3102 e
442 3046 556 3119 magnis
571 3044 710 3102 decursus
725 3042 812 3117 aquai

115 3141 200 3199 claru'
216 3141 286 3198 citat
299 3141 356 3198 late
370 3142 496 3199 sitientia
510 3142 607 3199 saecla
622 3141 753 3198 serarum.

115 3239 249 3314 Denique
263 3247 335 3296 nota
347 3239 412 3314 vagi
426 3240 565 3297 silvestria
578 3239 689 3313 templa
703 3238 844 3296 tenebant

114 3336 314 3412 nympharum,
329 3337 432 3412 quibus
447 3355 464 3394 e
479 3337 593 3395 scibant
606 3336 709 3394 umori’
726 3335 835 3393 fluenta

114 3432 222 3491 lubrica
234 3433 364 3508 proluvie
379 3434 456 3508 larga
469 3434 564 3491 lavere
579 3432 679 3491 umida
693 3451 771 3505 saxa,
941 3441 984 3475 210
997 3425 1061 3486 (950)

114 3530 211 3588 umida
224 3548 303 3602 saxa,
318 3549 404 3606 super
416 3530 499 3588 viridi
514 3531 647 3588 stillantia
660 3548 773 3602 musc0,

115 3636 142 3684 et
155 3628 260 3703 partim
274 3627 362 3702 plano
376 3638 487 3685 scatere
502 3638 588 3701 atque
604 3646 756 3703 erumpere
772 3644 888 3704 campo,

116 3722 251 3782 Necdum
266 3742 312 3782 res
328 3725 385 3799 igni
400 3725 513 3782 scibant
528 3735 649 3782 tractare
664 3742 759 3798 neque
774 3725 817 3784 uti

115 3821 236 3897 pellibus
250 3830 281 3880 et
294 3821 393 3897 spoliis
407 3839 513 3897 corpus
528 3821 631 3880 vestire
646 3821 779 3895 ferarum,
