2558 4230
109 353 165 441 rm]
456 342 624 426 Propertii
645 341 793 426 Elegiae.

181 536 209 585 et
222 528 270 598 sis,
285 544 345 602 qna
359 527 479 603 Ortygia
492 536 521 585 et
534 524 657 584 visenda
671 534 780 583 estora
794 522 917 601 Caystri,

218 633 248 682 et
261 642 321 699 qna
334 634 470 699 septenas
485 633 627 699 temperat
642 622 723 681 unda
736 623 815 695 vias;

180 721 279 779 omnia
292 722 447 779 Romanae
462 720 572 779 cedent
585 721 724 778 miracula
737 729 848 778 terrae:

218 829 322 876 natura
335 818 384 876 hic
398 819 504 893 posuit,
519 817 660 893 quicquid
674 817 782 892 ubique
797 817 859 875 suit.

179 915 273 973 Armis
287 925 357 990 apta
371 915 463 990 magis
477 915 570 986 tellnS,
585 933 674 990 quam
688 913 848 973 commoda
861 931 974 973 noxae:

217 1012 336 1084 famam,
352 1013 458 1082 Roma,
474 1023 540 1071 tuae
555 1030 616 1070 non
630 1010 722 1087 pudet
736 1011 881 1070 historiae.

181 1109 257 1168 Nam
271 1120 414 1185 quantum
429 1110 512 1180 ferro,
527 1119 639 1167 tanturn
654 1108 763 1184 pietate
778 1118 913 1182 potentes

219 1217 347 1266 stamus:
369 1207 502 1264 victrices
517 1215 660 1281 temperat
674 1206 716 1263 ira
730 1223 841 1263 manus.

182 1303 241 1361 Hic
254 1304 332 1361 Anio
345 1304 475 1362 Tiburne
490 1303 563 1374 fluis,
579 1303 743 1361 Clitumnus
758 1301 796 1359 ab
810 1302 924 1361 Umbro

218 1400 342 1472 tramite,
356 1411 387 1459 et
401 1410 552 1459 aeternum
567 1400 696 1458 Marcius
712 1400 817 1457 humor
830 1416 914 1474 oan,

181 1497 308 1556 Albanus
322 1497 403 1556 lacus
417 1507 446 1556 et
459 1498 541 1556 socia
555 1497 745 1555 Nemorensis
759 1497 797 1555 ab
811 1494 900 1568 unda,

219 1604 348 1670 potaque
364 1595 489 1653 Pollucis
504 1593 624 1671 lympha
638 1595 757 1653 salubris
772 1612 859 1668 equ0.

182 1693 218 1750 At
231 1711 292 1750 non
306 1711 464 1768 squamoso
479 1694 615 1752 labuntur
627 1703 727 1752 ventre
743 1704 882 1766 cerastae,

219 1790 293 1848 Itala
306 1791 448 1865 portentis
462 1809 520 1848 nec
534 1791 596 1850 fluit
610 1791 691 1850 unda
704 1793 795 1863 novis,

181 1905 239 1946 non
253 1887 302 1944 hic
316 1887 525 1947 Andromedae
539 1898 678 1948 resonant
692 1907 744 1964 pro
759 1899 851 1946 matre
866 1899 997 1962 catenae,

218 2003 275 2042 nec
289 1985 389 2045 tremis
403 1987 556 2059 Ausonias,
573 1986 693 2045 Phoebe
708 1987 814 2061 fugate,
830 1986 930 2062 dapes,

182 2099 234 2140 nec
249 2082 388 2157 cuiquam
402 2085 536 2143 absentes
551 2093 681 2143 arserunt
695 2083 725 2141 in
740 2093 828 2161 capnt
843 2085 924 2160 ignes

219 2180 340 2238 exitium
354 2190 423 2238 nato
434 2192 525 2240 matre
540 2192 678 2240 movente
692 2201 756 2254 sun,

183 2277 312 2335 Penthea
325 2295 386 2335 non
400 2296 503 2337 saevae
518 2289 659 2337 venantur
673 2280 703 2337 in
716 2280 819 2338 arbore
835 2280 981 2355 Bacchae,

218 2393 275 2434 nec
290 2374 375 2434 solvit
390 2377 507 2434 Danaas
522 2377 638 2435 subdita
653 2395 739 2435 cerva
752 2388 836 2448 rates,

182 2489 290 2531 cornua
302 2491 360 2530 nec
373 2474 461 2532 valuit
475 2492 592 2532 curvare
608 2475 637 2531 in
652 2475 755 2550 pellice
772 2476 849 2533 Iuno

219 2579 269 2628 aut
282 2570 389 2628 faciem
403 2572 480 2646 turpi
495 2571 676 2630 dedecorare
690 2573 777 2643 bove,

183 2668 372 2743 arboreasque
387 2686 490 2727 cruces
505 2669 588 2739 Sinis,
604 2679 632 2727 et
647 2688 707 2727 non
723 2669 839 2745 hospita
853 2670 947 2729 Graiis

219 2783 297 2837 saxa,
312 2775 342 2823 et
356 2777 488 2824 curvatas
503 2767 532 2824 in
546 2785 598 2825 sua
613 2767 671 2824 fata
685 2767 790 2825 trabes,

183 2861 267 2920 Haec
281 2862 344 2934 tibi,
359 2863 453 2934 Tulle,
468 2882 581 2939 parens,
598 2864 674 2921 haec
688 2874 731 2922 est
746 2864 940 2939 pulcherrima
954 2863 1049 2934 sedes,

219 2959 267 3017 hic
280 2960 333 3018 tibi
347 2978 401 3035 pro
417 2960 506 3036 digna
521 2971 608 3037 gente
623 2961 769 3037 petendus
785 2961 888 3034 honoS,
1062 2972 1092 3014 40

183 3053 228 3113 hic
240 3057 293 3115 tibi
306 3056 346 3115 ad
360 3057 509 3132 eloquium
525 3059 613 3129 civeS,
628 3059 676 3116 hic
691 3058 788 3134 ampla
802 3068 944 3134 nepotum

218 3170 286 3229 spes
300 3164 331 3212 et
343 3164 482 3213 venturae
497 3156 630 3231 coniugis
644 3166 728 3231 aptus
743 3174 833 3215 amor.

506 3399 587 3457 XIV·
634 3397 676 3474 (v.
694 3399 737 3474 a)

183 3541 266 3601 Haec
281 3543 425 3602 Arethusa
438 3563 492 3602 suo
507 3545 594 3602 mittit
608 3545 747 3603 mandata
763 3547 901 3620 Lycotae,

221 3658 288 3698 curn
302 3641 409 3698 totiens
423 3641 509 3713 absis,
525 3642 549 3698 si
563 3652 647 3716 potes
663 3660 727 3699 esse
742 3661 833 3700 meus.

182 3735 209 3794 Si
223 3754 280 3812 qua
293 3746 393 3794 tamen
408 3737 459 3795 tibi
474 3737 584 3795 lecturo
599 3756 664 3812 pars
679 3738 769 3795 oblita
783 3737 885 3810 deerit,

220 3832 293 3891 haec
307 3834 362 3891 erit
374 3850 392 3890 e
404 3833 530 3895 lacrimis
544 3835 623 3896 facta
638 3835 726 3897 litura
738 3836 834 3899 meist
