2558 4230
151 351 212 399 100
503 332 544 395 P.
573 330 717 395 Ovidius
739 330 838 394 Naso.
1149 345 1188 410 [m

228 519 286 577 His
300 537 400 576 comes
415 518 518 576 umbra
531 529 581 575 tua
595 528 647 575 est.
682 517 770 592 Siqua
784 525 828 573 est
837 514 930 573 modo
944 515 1075 591 corporis
1090 515 1188 574 umbra

268 617 371 674 auxisti
385 634 531 683 numeros,
548 616 623 673 culte
637 614 760 686 Tibulle,
776 613 850 688 pios.
1113 611 1142 655 ⁶⁶

229 713 305 774 Ossa
318 714 425 789 quieta,
441 732 553 789 precor,
569 723 631 770 tuta
645 712 818 787 requiescite
833 711 863 768 in
877 728 958 783 urna,

268 819 298 868 et
311 810 348 868 sit
361 810 467 868 humus
482 810 573 868 cineri
587 828 647 868 non
662 828 787 867 onerosa
800 818 851 866 tuo
864 811 871 867 l

606 1061 744 1088 -οοο-

645 1278 703 1336 ΙΙΙ.

540 1438 639 1488 FASTI
663 1438 683 1487 1.
720 1450 806 1499 1-140.

227 1587 375 1644 Turnum
394 1604 462 1643 cum
478 1585 571 1643 causis
587 1585 703 1643 Latium
717 1584 830 1660 digesta
843 1602 896 1659 per
909 1602 1021 1642 annum

268 1682 406 1758 lapsaque
421 1684 475 1741 sub
489 1693 578 1740 terras
592 1693 713 1757 ortaque
728 1683 810 1757 signa
825 1700 938 1739 canam.

228 1781 341 1854 Excipe
356 1791 471 1855 pacato,
490 1781 599 1838 Caesar
613 1780 797 1851 Germanice,
813 1780 892 1837 voltu

268 1877 415 1952 hocopus
430 1888 459 1935 et
473 1877 593 1934 timidae
608 1877 698 1952 dirige
713 1878 793 1934 navis
808 1877 878 1934 iter:

227 1973 393 2048 officioque,
409 1975 502 2031 levem
517 1993 578 2031 non
593 1985 738 2032 aversatus
753 1975 903 2046 honorem,

267 2071 335 2128 huic
350 2072 402 2128 tibi
417 2071 525 2129 devoto
540 2073 659 2129 numine
675 2071 776 2129 dexter
790 2071 870 2129 ades.

228 2169 315 2227 Sacra
328 2188 523 2244 recognosces
539 2170 689 2227 annalibus
704 2180 785 2226 eruta
799 2168 908 2243 priscis,

267 2275 297 2324 et
311 2284 370 2341 quo
385 2269 420 2324 sit
435 2268 539 2324 merito
553 2285 687 2342 quaeque
702 2276 802 2323 notata
816 2266 888 2324 dies.

228 2363 364 2422 Invenies
379 2364 435 2421 illic
450 2375 480 2422 et
494 2364 566 2421 festa
579 2363 743 2420 domestica
756 2364 857 2422 vobis:

268 2479 354 2536 saepe
370 2463 422 2519 tibi
436 2471 518 2536 pater
532 2471 584 2531 est,
600 2479 686 2535 saepe
702 2460 843 2535 legendus
857 2479 936 2520 avus,
1116 2471 1144 2505 10

228 2558 372 2634 Quaeque
387 2560 481 2617 ferunt
495 2559 534 2616 illi
548 2559 643 2633 pictos
658 2558 800 2633 signantia
814 2560 910 2630 fastos

268 2667 299 2713 tu
314 2675 431 2731 quoque
446 2675 513 2714 cum
530 2657 626 2713 Druso
641 2656 770 2730 praemia
783 2656 868 2712 sratre
883 2656 966 2714 seres.

228 2753 361 2811 Caesaris
376 2773 456 2811 arma
470 2764 576 2810 canant
591 2753 647 2811 alii.
691 2753 754 2810 Nos
770 2753 899 2811 Caesaris
913 2771 985 2826 aras,

268 2860 298 2907 et
313 2869 515 2925 quoscumque
530 2851 617 2908 sacris
633 2849 748 2908 addidit
762 2851 807 2907 ille
823 2850 895 2907 dies,

226 2949 332 3005 Annue
347 2949 465 3006 conanti
479 2967 532 3023 per
545 2948 647 3006 laudes
662 2949 702 3005 ire
717 2958 841 3018 tuorum,

268 3045 366 3120 deque
381 3064 448 3103 meo
463 3045 584 3120 pavidos
600 3056 705 3103 excute
721 3045 809 3102 corde
825 3056 927 3104 metus.

228 3143 277 3199 Da
290 3142 361 3199 milii
375 3152 403 3199 te
418 3142 576 3217 placidum,
592 3142 708 3200 dederis
723 3144 753 3200 in
768 3145 897 3200 carmina
909 3144 985 3203 viris

270 3240 423 3314 Ingenium
438 3240 516 3296 voltu
532 3251 644 3315 statque
661 3240 798 3314 caditque
813 3251 873 3299 tuo.

229 3337 338 3411 Pagina
352 3336 492 3394 iudicium
508 3336 589 3394 docti
604 3338 733 3395 subitura
747 3350 879 3396 movetur

268 3434 415 3508 principis,
431 3442 464 3491 ut
478 3435 574 3492 Clario
589 3436 676 3492 missa
690 3435 816 3511 legenda
830 3437 897 3494 deo,

229 3529 313 3603 Quae
328 3530 363 3587 sit
378 3530 455 3587 enim
472 3531 540 3588 culti
555 3532 692 3590 facundia
705 3535 847 3591 sensimus
862 3535 928 3606 oris,

269 3627 362 3684 civica
375 3645 429 3701 pro
443 3627 563 3702 trepidis
578 3648 646 3686 curn
660 3630 724 3687 tulit
739 3649 818 3687 arma
832 3631 895 3688 reis.

195 3780 205 3794 „
228 3723 342 3795 Scimus
356 3734 395 3794 et,
410 3723 449 3781 ad
463 3735 574 3783 nostras
589 3745 657 3783 cum
672 3744 703 3783 se
719 3729 782 3784 tulit
797 3728 921 3802 impetus
935 3737 1010 3805 artes

230 3802 240 3883 ἶ
267 3820 377 3896 ingenii
391 3831 505 3878 currant
519 3820 639 3879 flumina
653 3833 762 3897 quanta
775 3824 825 3882 tui.
