2558 4230
107 323 148 385 82

461 320 632 403 Propertii
653 318 800 404 Elegiae.

188 507 202 565 Ι
216 525 305 579 nunc,
319 506 388 565 tolle
402 505 516 564 animos
531 513 561 564 et
572 514 672 565 tecum
685 505 763 582 finge
778 504 955 580 triumphos,

227 604 389 679 stantiaque
404 604 433 661 in
448 604 581 678 plausum
596 613 657 662 tota
670 603 782 661 theatra
796 604 904 674 iuvent,

186 700 325 761 Attalicas
340 719 446 775 supera
459 710 562 773 vesteS,
579 710 666 776 atque
682 701 781 759 omnia
795 701 909 776 magnis

226 815 362 872 gemmea
375 799 432 856 sint
446 798 540 856 ludis:
563 799 677 873 ignibus
692 798 746 856 ista
760 797 853 857 dabis
1071 809 1100 841 ω

186 894 245 954 Sed
259 905 358 953 tamen
372 896 429 953 huc
445 913 557 968 omnes,
573 896 630 953 huc
645 895 754 970 primus
769 906 798 954 et
812 896 929 955 ultimus
943 893 1038 956 ordo:

227 1003 271 1051 est
285 994 370 1064 mala,
384 992 438 1052 sed
453 995 565 1052 cunctis
580 994 636 1052 ista
649 993 770 1053 terenda
784 995 831 1052 via
845 1003 898 1055 est.

187 1090 344 1149 Exoranda
358 1092 438 1149 canis
453 1093 507 1150 tria
520 1100 587 1150 sunt
601 1092 735 1150 latrantia
748 1092 832 1164 colla,

228 1187 398 1246 scandenda
413 1199 456 1247 est
470 1190 543 1247 torvi
557 1190 676 1265 publica
689 1191 796 1266 cymba
810 1189 897 1250 senis.

187 1285 239 1344 Ille
253 1287 322 1344 licet
336 1287 411 1344 ferro
426 1297 527 1345 cautus
542 1306 573 1345 se
588 1286 699 1346 condat
713 1298 743 1346 et
756 1305 834 1360 aere,
885 1357 887 1360 ¹

227 1402 306 1442 mors
320 1393 419 1442 tamen
434 1385 576 1443 inclusum
591 1385 730 1461 protrahit
745 1386 814 1444 inde
830 1394 929 1462 caput.

187 1482 277 1539 Nirea
291 1500 351 1539 non
366 1482 464 1552 facies,
480 1501 541 1540 non
554 1483 596 1541 vis
612 1483 719 1541 exemit
733 1483 886 1555 Achillem,

227 1579 370 1638 Croesum
386 1589 444 1649 aut,
461 1580 571 1638 Pactoli
585 1599 657 1656 quas
671 1581 746 1655 parit
760 1580 873 1652 humor,
888 1598 972 1657 opes.

187 1676 248 1734 Hic
263 1677 333 1734 olim
347 1677 461 1751 ignaros
476 1677 570 1735 luctus
584 1678 733 1754 populavit
747 1677 884 1750 Achivos,

227 1773 346 1831 Atridae
361 1792 469 1849 magno
484 1793 552 1832 cum
566 1775 645 1833 stetit
660 1776 729 1832 alter
743 1792 834 1834 amor.

185 1870 223 1926 At
237 1868 297 1939 tibi,
314 1878 411 1940 nauta,
426 1869 489 1944 pias
505 1868 660 1926 hominum
675 1869 724 1943 qui
738 1869 832 1927 traicit
845 1868 974 1944 umbras,

226 1964 284 2021 huc
298 1966 413 2022 animae
428 1974 524 2040 portet
539 1983 645 2040 corpus
661 1966 746 2023 inane
761 1976 837 2038 tuae,

185 2079 244 2136 qua
258 2062 370 2119 Siculae
385 2063 478 2119 victor
492 2063 599 2120 telluris
617 2063 756 2122 ClaudIus
771 2073 872 2137 etqua

226 2158 334 2217 Caesar
348 2160 385 2217 ab
400 2158 528 2217 humana
542 2160 629 2218 cessit
644 2161 674 2217 in
688 2171 764 2218 astra
777 2161 831 2218 via.

495 2403 584 2460 XIII.
631 2401 684 2478 (lv.
702 2400 765 2477 22.)

185 2546 303 2622 Frigida
316 2556 375 2605 tam
391 2548 497 2606 multos
512 2549 621 2622 placuit
636 2550 687 2607 tibi
703 2550 827 2625 Cyzicus
842 2569 945 2624 annos,

224 2644 318 2715 Tulle,
334 2645 529 2719 Propontiaca
544 2663 601 2720 qua
615 2646 677 2704 fluit
692 2648 819 2704 Isthmos
834 2664 919 2722 aqua,

185 2741 360 2817 Dindymus,
376 2752 405 2799 et
420 2761 519 2817 sacrae
535 2743 675 2801 fabricata
689 2744 812 2802 iuvenca
826 2745 976 2821 Cybebae,

225 2839 405 2913 raptorisque
420 2841 484 2897 tulit
498 2857 556 2913 qua
570 2841 617 2898 via
632 2841 707 2899 Ditis
723 2859 823 2916 equos

184 2935 213 2993 Si
227 2946 255 2992 te
270 2936 343 2993 forte
358 2937 456 2994 iuvant
474 2938 575 2995 Helles
591 2937 815 2996 Athamantidos
830 2939 926 3012 urbes,
1098 2962 1112 3008 5

224 3050 280 3090 nec
295 3032 450 3104 desiderio,
465 3035 559 3105 Tulle,
576 3053 694 3093 movere
709 3053 795 3094 meo:

184 3137 215 3187 tu
230 3130 298 3187 licet
312 3130 434 3205 aspicias
450 3131 564 3188 caelum
580 3151 668 3190 omne
684 3134 802 3191 Atlanta
815 3143 976 3208 gerentem,

225 3235 363 3300 sectaque
381 3229 486 3283 Persea
501 3225 661 3286 Phorcidos
676 3246 726 3285 ora
740 3247 838 3300 manu,

185 3323 340 3398 Geryonae
355 3323 466 3381 stabula
480 3333 509 3381 et
523 3324 685 3382 luctantum
700 3326 730 3382 in
743 3327 861 3400 pulvere
876 3327 959 3402 signa

227 3421 362 3478 Herculis
377 3421 540 3495 Antaeique
558 3420 816 3496 Hesperidumque
831 3422 948 3496 choros,
1070 3435 1101 3476 10

184 3523 274 3597 tuque
288 3526 339 3575 tuo
354 3517 499 3577 Colchum
513 3518 657 3593 propellas
672 3519 781 3594 remIge
797 3519 913 3593 Phasin,

226 3612 416 3689 Peliacaeque
431 3615 518 3673 trabis
532 3624 627 3674 totum
643 3616 696 3673 iter
709 3617 771 3691 ipse
786 3617 874 3692 legas,

176 3726 244 3784 ¹qua
256 3709 335 3769 rudis
350 3714 446 3786 Argoa
459 3722 539 3770 natat
553 3713 628 3770 Inter
642 3732 711 3771 saxa
724 3713 862 3774 columba

225 3804 255 3864 iu
268 3806 374 3865 faciem
387 3825 490 3883 prorae
505 3809 590 3886 pinus
604 3808 710 3869 adacta
724 3827 826 3886 novae,
