2558 4230
428 331 533 396 Liber
552 333 677 399 Nonus.

492 529 614 584 511·5²3·

148 649 274 710 Ventum
288 659 350 710 erat
364 649 403 710 ad
417 651 570 728 templum,
588 653 704 730 Libycis
720 651 801 729 quod
815 655 950 730 gentibus
964 675 1055 716 unum

116 744 206 807 inculti
220 749 414 808 Garamantes
429 748 555 808 habent:
579 758 635 808 stat
650 751 763 809 sortifer
776 752 841 811 istic

116 845 248 922 luppiter,
262 856 295 904 ut
309 855 482 917 memorant,
497 844 550 904 sed
565 864 625 904 non
639 859 689 905 aut
703 849 822 908 fulmina
835 852 960 924 vibrans,

113 955 155 1003 aut
168 944 270 1003 similis
285 956 395 1016 nostro,
412 945 465 1003 sed
479 945 560 1004 tortis
578 949 715 1007 cornibus
732 951 892 1010 Hammon.

113 1041 177 1100 Non
190 1042 250 1101 illic
265 1042 393 1118 Libycae
409 1052 571 1118 posuerunt
586 1044 656 1103 ditia
670 1054 772 1123 gentes
1006 1057 1022 1105 s

112 1139 234 1214 templa:
257 1156 314 1197 nec
329 1140 400 1198 Eois
415 1139 571 1215 splendent
587 1141 707 1201 donaria
721 1146 862 1220 gemmis:

111 1236 238 1311 quamvis
251 1235 431 1313 Aethiopum
447 1241 571 1316 populis,
587 1242 773 1317 Arabumque
788 1243 880 1301 beatis

111 1334 251 1409 gentibus,
266 1343 354 1410 atque
371 1335 453 1395 Indis
467 1357 542 1396 unus
557 1339 593 1396 sit
607 1340 738 1414 Iuppiter
754 1341 914 1413 Hammon,

111 1450 218 1509 pauper
232 1430 329 1492 adhuc
344 1434 417 1494 deus
433 1446 486 1507 est,
501 1437 586 1495 nullis
601 1437 707 1494 violata
721 1455 773 1511 per
786 1456 890 1496 aevum

112 1529 213 1589 divitiis
228 1531 351 1590 delubra
364 1542 486 1592 tenens:
508 1552 682 1609 morumque
696 1535 823 1609 priorum
994 1545 1022 1579 10

112 1645 217 1687 numen
233 1630 371 1688 Romano
387 1630 529 1706 templum
544 1631 676 1690 defendit
689 1632 726 1690 ab
740 1652 819 1692 auro.

114 1725 181 1785 Esse
196 1727 269 1785 locis
283 1745 413 1802 superos,
431 1736 551 1786 testatur
566 1730 644 1802 silva,
659 1748 844 1805 peromnem

113 1824 169 1882 sola
181 1825 278 1883 virens
295 1825 416 1902 Libyen.

493 1950 615 2015 sudor·

148 2084 269 2144 Stabant
283 2093 351 2142 ante
366 2084 441 2143 fores
457 2086 568 2160 populi,
583 2104 657 2161 quos
672 2087 787 2143 miserat
803 2087 872 2158 Eos,

114 2182 311 2258 cornigerique
327 2183 403 2240 Iovis
418 2183 532 2240 monitu
547 2201 623 2240 nova
636 2184 694 2241 fata
710 2184 848 2257 petebant
994 2193 1021 2241 ι5
1110 2217 1113 2222 -

114 2279 162 2338 sed
177 2280 261 2338 Latio
277 2297 391 2337 cessere
406 2279 493 2338 duci:
519 2281 699 2355 comitesque
714 2281 859 2340 Catonem

113 2390 200 2450 orant,
216 2377 348 2454 exploret
364 2377 508 2453 Libycum
523 2389 683 2434 memorata
697 2396 749 2452 per
763 2380 866 2437 orbem

112 2476 247 2546 Numina,
262 2473 301 2533 de
316 2474 468 2532 famatam
483 2475 561 2549 longi
577 2474 686 2531 iudicet
700 2476 772 2533 aevi.

112 2575 256 2634 Maximus
271 2573 401 2632 hortator
414 2572 561 2630 scrutandi
576 2590 649 2629 voce
664 2572 785 2630 deorum

112 2683 229 2732 eventus
245 2671 391 2729 Labienus
407 2680 476 2727 erat.
519 2670 602 2727 ‘Sors
617 2669 738 2740 obtulit,'
753 2671 856 2746 inquit,
993 2693 1023 2726 ιο

112 2774 156 2831 ‘et
170 2773 300 2831 Fortuna
315 2770 378 2827 viae
393 2779 453 2827 tam
466 2767 564 2842 magni
578 2767 703 2824 numinis
718 2785 769 2824 ora

111 2870 321 2943 consiliumque
338 2867 405 2925 dei:
428 2874 511 2923 tanto
527 2864 603 2922 duce
617 2882 770 2939 possumus
785 2866 828 2924 uti

111 2983 161 3042 per
174 2969 281 3043 Syrtes,
296 2966 423 3040 bellique
439 2963 524 3022 datos
539 2980 717 3038 cognoscere
732 2981 826 3023 casus.

112 3064 187 3123 Nam
201 3065 250 3123 cui
264 3063 439 3123 crediderim
455 3079 575 3137 superos
589 3079 695 3119 arcana
709 3060 827 3120 daturos

111 3160 296 3238 dicturosque
311 3161 412 3238 magis,
431 3179 520 3236 quam
536 3170 638 3218 sancto
652 3178 719 3217 vera
733 3160 861 3219 Catoni?
993 3167 1022 3213 ²5

111 3259 195 3319 Certe
209 3259 269 3317 vita
281 3259 334 3318 tibi
349 3275 465 3335 semper
480 3258 592 3316 directa
606 3275 744 3332 supernas

111 3355 147 3414 ad
160 3356 248 3432 leges,
264 3356 451 3432 sequerisque
468 3355 568 3414 deum.
614 3357 714 3425 Datur,
731 3373 812 3428 ecce,
826 3352 968 3431 loquendi

111 3470 176 3512 cum
192 3455 264 3512 Iove
277 3453 412 3513 libertas:
435 3454 548 3528 inquire
563 3454 592 3510 in
609 3453 667 3510 fata
680 3452 800 3511 nefandi

113 3550 251 3623 Caesaris,
266 3561 296 3610 et
309 3552 419 3627 patriae
432 3561 569 3609 venturos
585 3560 690 3608 excute
706 3568 821 3609 mores:

111 3645 169 3707 iure
183 3666 237 3707 suo
252 3648 367 3724 populis
381 3648 431 3718 uti,
447 3648 602 3722 legumque
619 3647 726 3718 licebit,

113 3761 148 3802 an
160 3746 269 3805 bellurn
282 3745 366 3803 civile
381 3745 465 3820 perit.
507 3746 573 3802 Tua
587 3754 708 3818 pectora
723 3761 805 3801 sacra

116 3857 184 3902 voce
196 3842 296 3918 reple.-
317 3841 407 3901 durae
420 3859 539 3921 semper
554 3843 665 3904 virtutis
682 3851 796 3904 amator
