2558 4230
110 331 153 394 62

490 327 620 393 Tibulli
639 327 789 413 Elegiae.
1059 341 1174 410 [vnvm

540 554 594 654 v'1.
641 592 686 672 (11-
703 593 746 671 ι.)

191 757 333 816 Dicamus
347 757 426 816 bona
439 757 545 815 verba:
568 757 647 814 venit
662 757 773 814 Natalis
789 756 828 815 ad
842 775 924 817 aras:

231 855 361 929 quisquis
375 853 455 925 ades,
472 854 578 929 lingua,
594 855 636 911 vir
650 855 820 929 mulierque,
835 855 910 914 save.

191 953 319 1012 Urantur
333 952 381 1026 pia
395 962 459 1009 tura
473 952 555 1023 sociS,
572 961 690 1010 urantur
704 951 820 1023 odoreS,

231 1067 305 1123 quos
320 1058 402 1106 tener
415 1067 432 1106 e
447 1057 522 1106 terra
535 1048 625 1106 divite
641 1050 727 1106 mittit
742 1049 844 1108 Arabs.

192 1146 260 1222 lpse
275 1165 343 1204 suos
358 1147 469 1205 Genius
483 1145 560 1204 adsit
574 1147 683 1204 visurus
698 1147 834 1217 honores,

232 1244 280 1300 cui
294 1242 434 1301 decorent
449 1249 564 1301 sanctas
580 1244 678 1300 mollia
692 1254 768 1301 serta
782 1263 892 1304 comas

192 1341 270 1399 Illius
286 1359 359 1415 puro
374 1340 518 1398 destillent
532 1351 666 1416 tempora
680 1341 782 1412 nard0,

231 1448 317 1512 atque
333 1448 411 1495 satur
424 1438 483 1495 libo
498 1439 533 1495 sit
548 1437 723 1513 madeatque
738 1457 830 1512 mero,

191 1546 299 1593 annuat
313 1545 350 1607 et,
368 1536 507 1607 Cornute,
523 1536 583 1606 tibi,
599 1535 808 1610 quodcumque
822 1537 948 1612 rogabis

231 1635 277 1690 En
292 1651 355 1707 age,
370 1632 442 1708 quid
457 1635 575 1690 cessas?
596 1635 697 1691 annuit
711 1634 776 1692 ille:
800 1653 880 1711 roga.
1080 1643 1109 1681 10

190 1732 332 1805 Auguror,
348 1731 443 1788 uxoris
457 1730 533 1788 fidos
549 1731 664 1805 optabis
679 1750 812 1791 amores:

231 1828 289 1884 iam
304 1846 369 1884 reor
384 1827 441 1884 hoc
456 1827 534 1902 ipsos
550 1827 705 1886 edidicisse
720 1828 802 1888 deos.

190 1925 258 1982 Nee
272 1925 323 1982 tibi
338 1925 481 1995 malueris,
497 1934 591 1982 totum
607 1944 810 2001 quaecumque
825 1945 879 2003 per
892 1927 996 1987 orbem

231 2023 310 2080 sortis
325 2032 385 2079 arat
399 2021 496 2080 valido
511 2023 633 2079 rusticus
649 2042 715 2080 arva
729 2025 814 2096 bove,

189 2138 246 2177 nec
260 2120 321 2191 tibi,
336 2138 517 2194 gemmarum
532 2119 672 2194 quicquid
688 2121 819 2179 felicibus
836 2122 918 2180 Indis
1080 2131 1108 2180 Ῑ5

230 2217 366 2287 nascitur,
383 2217 439 2274 Eoi
454 2235 512 2290 qua
526 2218 612 2274 maris
628 2217 708 2275 unda
722 2220 814 2277 rubet.

189 2314 267 2373 Vota
281 2314 399 2373 cadunt.
440 2315 562 2374 Utinam
577 2316 793 2389 strepitantibus
808 2316 925 2376 advolet
938 2317 991 2377 alis

230 2412 361 2486 flavaque
376 2412 514 2486 coniugio
528 2412 644 2469 vincula
657 2422 754 2487 portet
768 2415 866 2485 Amor,

188 2509 313 2580 vincula,
328 2528 403 2583 quae
418 2519 556 2566 maneant
570 2527 695 2583 semper,
711 2508 783 2566 dum
797 2510 878 2568 tarde
894 2520 1032 2572 senectus
1114 2566 1117 2571 ⁴

230 2606 349 2664 inducat
364 2624 447 2680 rugas
463 2606 630 2680 inficiatque
646 2624 755 2664 comas.
1055 2656 1057 2659 .
1078 2621 1109 2656 ω

190 2704 252 2763 Hic
267 2704 364 2761 veniat
380 2703 492 2761 Natalis
506 2704 565 2761 avis
580 2704 751 2778 prolemque
766 2705 917 2779 ministret,

228 2800 311 2859 ludat
325 2810 354 2858 et
369 2810 436 2859 ante
451 2810 516 2858 tuos
531 2801 615 2858 turba
628 2802 743 2860 novella
756 2802 859 2879 pedes.

522 2997 592 3054 VII.
639 2996 684 3073 (11.
700 2996 744 3074 5.)

189 3143 319 3216 Phoebe,
334 3144 416 3204 lave:
439 3163 532 3203 novus
546 3144 706 3220 ingreditur
719 3155 769 3203 tua
782 3147 894 3221 templa
907 3147 1068 3212 sacerdos:

229 3241 287 3298 huc
302 3259 355 3316 age
371 3261 439 3299 cum
454 3242 564 3300 cithara
578 3244 813 3319 carminibusque
827 3246 905 3302 veni.

189 3338 279 3395 Nunc
292 3346 321 3395 te
336 3339 453 3396 vocales
467 3339 616 3413 impellere
632 3341 737 3413 pollice
753 3340 889 3414 chordae,

228 3453 309 3493 nunc
322 3453 427 3510 precor
441 3434 479 3492 ad
494 3434 595 3492 laudes
610 3436 727 3494 flectere
741 3439 829 3496 verba
843 3457 918 3498 mea

189 3532 258 3610 Ipse
274 3532 439 3608 triumphali
455 3532 607 3591 devinctus
622 3543 755 3609 tempora
769 3535 858 3607 laum,

229 3630 301 3688 dum
315 3631 465 3687 cumulant
479 3649 550 3701 aras,
566 3630 605 3688 ad
620 3640 670 3688 tua
683 3650 766 3689 sacra
779 3632 854 3692 veni.

189 3726 249 3788 Sed
263 3726 371 3785 nitidus
387 3727 566 3802 pulcherque
580 3730 665 3787 veni:
688 3748 768 3787 nunc
783 3730 872 3789 indue
887 3741 1000 3792 vestem

228 3823 397 3902 sepositam,
414 3825 515 3902 longas
530 3842 609 3884 nunc
624 3825 700 3885 bene
715 3837 802 3902 pecte
818 3846 928 3902 comas,
