2558 4230
438 865 474 926 T.
499 867 680 928 LUCRETI
708 868 806 928 CARI

313 1056 389 1130 DE
434 1059 633 1134 RERUM
678 1059 927 1136 NATURA.

553 1269 692 1297 -eo—

487 1429 595 1478 LIBER
617 1429 759 1480 PRIMUS.

301 1545 510 1605 ENEADUM
520 1547 659 1622 genetrix,
669 1547 822 1606 hominum
833 1545 992 1624 divomque
1002 1546 1145 1623 voluptas,

321 1642 398 1700 alma
411 1644 521 1715 Venus,
537 1644 611 1702 caeli
625 1644 724 1703 subter
737 1645 865 1704 labentia
879 1646 962 1721 signa

216 1757 291 1814 quae
305 1757 385 1798 mare
400 1740 577 1815 navigerum,
592 1759 667 1816 quae
682 1753 771 1801 terras
785 1743 977 1818 frugiferentis

216 1836 414 1908 concelebras,
429 1855 483 1912 per
496 1847 524 1895 te
539 1838 679 1913 quoniam
693 1857 786 1915 genus
801 1858 889 1898 omne
903 1840 1084 1898 animantum

217 1934 380 2009 concipitur
392 1935 515 2009 visitque
530 1945 663 1994 exortum
688 1937 797 1995 lumina
811 1937 897 1996 solis:
1076 1945 1090 1993 5

215 2039 255 2100 te,
269 2030 335 2102 dea,
350 2041 379 2089 te
393 2032 505 2107 fugiunt
518 2033 605 2103 venti,
620 2042 650 2090 te
664 2034 764 2092 nubila
778 2035 851 2092 caeli

216 2127 432 2203 adventumque
447 2138 539 2200 tuum,
554 2129 607 2187 tibi
621 2131 715 2188 suavis
729 2130 854 2189 daedala
867 2131 951 2191 tellus

215 2225 368 2283 summittit
382 2225 476 2298 flores,
490 2226 542 2284 tibi
555 2226 652 2284 rident
666 2245 794 2303 aequora
807 2229 891 2303 ponti

215 2322 421 2398 placatumque
435 2324 509 2381 nitet
522 2323 628 2382 diffuso
642 2324 752 2382 lumine
767 2327 890 2384 eaelum.

216 2418 301 2493 Quae
315 2420 455 2495 quoniam
468 2438 563 2479 rerum
577 2432 710 2479 naturam
724 2423 785 2480 sola
798 2406 942 2497 gubernas
1056 2433 1084 2466 ¹0

215 2534 272 2574 nec
286 2517 349 2575 sine
363 2526 392 2575 te
407 2518 564 2592 quicquam
578 2517 641 2576 dias
656 2519 686 2576 in
700 2519 814 2577 luminis
830 2537 895 2577 oras

216 2614 341 2672 exoritur
354 2632 451 2689 neque
465 2615 497 2673 fit
510 2616 619 2674 laetum
633 2633 730 2690 neque
745 2616 869 2675 amabile
883 2618 1049 2694 quicquam,

214 2719 243 2769 te
258 2712 368 2769 sociam
382 2711 488 2770 studeo
501 2712 663 2771 scribendis
678 2714 807 2771 versibus
823 2732 886 2772 esse

215 2819 289 2877 quos
303 2820 360 2877 ego
374 2802 412 2860 de
426 2819 522 2860 rerum
535 2813 638 2861 natura
652 2821 778 2879 pangere
794 2822 887 2862 conor
1089 2802 1140 2862 (25)

215 2899 413 2958 Memmiadae
424 2909 533 2972 nostm,
545 2918 633 2976 quem
645 2910 685 2971 tu,
698 2900 763 2972 dea,
775 2911 908 2976 tempore
919 2901 949 2959 in
960 2901 1040 2960 omni
1064 2920 1090 2968 15

214 2997 350 3055 omnibus
364 3007 499 3056 omatum
514 2998 628 3056 voluisti
643 2999 785 3056 excellere
800 2999 895 3057 rebus.

215 3094 283 3168 Quo
297 3095 389 3170 magis
402 3105 552 3153 aeternum
567 3095 606 3154 da
620 3095 715 3167 dictis,
730 3095 806 3168 diva,
821 3096 962 3172 leporem.

254 3288 345 3362 Quod
360 3299 500 3365 superest,
512 3308 619 3347 vacuas
633 3291 709 3348 auris
723 3292 912 3365 animumque
923 3308 1060 3366 sagacem
1090 3301 1141 3360 (50)

214 3396 359 3445 semotum
373 3405 391 3445 a
404 3387 480 3444 curis
494 3386 602 3445 adhibe
617 3405 714 3444 veram
729 3387 768 3445 ad
782 3387 934 3458 rationem,

214 3501 251 3540 ne
266 3502 334 3541 mea
346 3483 427 3542 dona
439 3484 491 3543 tibi
505 3483 602 3541 studio
617 3483 748 3560 disposta
762 3484 851 3555 fideli,
1061 3495 1091 3528 ²0

213 3581 360 3639 intellecta
372 3582 451 3656 prius
464 3599 554 3656 quam
565 3581 630 3652 sint,
645 3591 816 3657 contempta
828 3580 981 3655 relinquas.

214 3678 292 3736 Nam
306 3679 357 3736 tibi
372 3677 411 3736 de
425 3696 539 3736 summa
554 3679 627 3735 caeli
640 3679 751 3737 ratione
766 3678 915 3752 deumque

213 3774 354 3835 disserere
368 3775 507 3851 incipiam
521 3786 551 3834 et
564 3793 660 3834 rerum
675 3775 833 3852 primordia
846 3773 984 3849 pandam,
1089 3772 1141 3832 (55)

872 3882 907 3937 23
