2558 4230
396 336 502 403 liber
524 336 679 418 Quintus.

115 520 261 581 intervalla
273 521 334 581 vias
349 540 478 582 conexus
493 523 627 600 pondera
639 524 737 600 plagas

114 635 273 677 concursus
288 629 386 677 motus
400 622 534 679 turbabat
548 622 659 697 proelia
673 623 808 693 miscens,

113 726 232 790 propter
246 715 392 774 dissimilis
406 717 513 776 formas
527 719 678 793 variasque
693 719 798 794 figuras
941 722 984 774 115
997 709 1062 772 (4⁴0)

113 811 193 887 quod
207 830 270 871 non
284 815 384 871 omnia
398 815 440 872 sic
454 825 589 891 poterant
603 817 761 874 coniuncta
775 832 894 873 manere

113 927 167 967 nec
181 920 280 969 motus
295 911 372 970 inter
385 930 449 971 sese
464 913 533 971 dare
549 915 759 972 convenientis.

113 1007 260 1083 Diffugere
276 1008 346 1066 inde
360 1010 418 1067 loci
432 1020 528 1085 partes
542 1029 668 1086 coepere
682 1029 825 1086 paresque

112 1121 179 1162 cum
194 1106 314 1180 paribus
329 1105 408 1182 iungi
422 1125 467 1166 res
481 1118 511 1166 et
525 1108 689 1166 discludere
705 1108 848 1167 muudum

112 1202 300 1278 membraque
312 1204 441 1262 dividere
454 1214 484 1263 et
494 1224 614 1280 magnas
626 1204 782 1280 disponere
793 1216 899 1280 partes,
942 1225 984 1261 ιω
996 1212 1062 1273 (445)

113 1299 170 1358 hoc
184 1310 237 1372 est,
254 1319 271 1357 a
285 1302 366 1359 terris
381 1302 471 1360 altum
485 1320 637 1361 secernere
652 1303 775 1374 caelum,

112 1407 142 1456 et
155 1416 268 1456 sorsum
283 1417 362 1456 mare
377 1401 418 1457 uti
433 1410 547 1458 secreto
562 1418 664 1458 umore
677 1408 799 1475 pateret,

112 1513 225 1553 seorsus
240 1496 311 1553 item
325 1497 390 1571 puri
404 1497 567 1572 secretique
581 1497 707 1579 aetheris
721 1497 812 1572 ignes.

152 1593 270 1667 Quippe
286 1594 395 1651 etenim
410 1594 535 1668 primum
549 1594 634 1652 terrai
649 1613 771 1669 corpora
785 1610 927 1669 quaeque,

111 1700 267 1766 propterea
277 1689 358 1765 quod
369 1703 450 1749 erant
460 1692 558 1766 gravia
568 1702 598 1749 et
609 1692 756 1767 perplexa,
766 1691 886 1748 coibant
940 1709 981 1758 125
994 1697 1060 1757 (450)

112 1787 143 1845 in
156 1787 257 1845 medio
272 1798 359 1862 atque
374 1789 446 1846 imas
461 1789 617 1864 capiebant
632 1789 730 1846 omnia
743 1787 828 1845 sedes
840 1807 848 1859 3

112 1902 186 1959 quae
201 1895 312 1960 quanto
326 1886 418 1961 magis
433 1886 508 1943 inter
521 1904 553 1943 se
567 1886 706 1960 perplexa
720 1886 847 1955 coibant,

112 1991 170 2040 tam
185 1983 277 2057 magis
292 2000 458 2057 expressere
474 2001 599 2057 eaquae
615 2001 693 2039 mare
708 1982 803 2039 sidera
816 1981 910 2039 solem

112 2080 268 2154 lunamque
283 2079 433 2138 efficerent
447 2090 477 2138 et
491 2081 589 2155 magni
604 2080 720 2137 moenia
734 2079 843 2137 muudi.

112 2177 220 2236 Omnia
232 2178 310 2235 enim
322 2178 413 2253 magis
425 2178 499 2235 haec
511 2196 528 2236 e
539 2178 649 2235 levibus
661 2187 747 2252 atque
758 2175 891 2234 rutundis
941 2195 982 2244 130
994 2183 1060 2244 (455)

112 2275 271 2333 seminibus
285 2275 436 2350 multoque
451 2276 605 2333 minoribu’
621 2285 687 2332 sunt
702 2275 852 2332 elementis

112 2389 200 2446 quam
214 2372 307 2431 tellus.
350 2371 435 2444 Ideo,
450 2390 503 2447 per
516 2390 579 2429 rara
592 2372 741 2442 foramina,
756 2383 848 2429 terrae

112 2469 241 2544 partibus
255 2487 412 2544 erumpens
426 2470 536 2545 primus
550 2487 581 2527 se
596 2469 708 2526 sustulit
722 2469 822 2526 aether

112 2564 215 2642 ignifer
228 2576 258 2625 et
272 2567 379 2625 multos
393 2585 494 2624 secum
509 2567 578 2624 levis
594 2567 708 2624 abstulit
724 2566 806 2641 ignis,

112 2683 171 2722 non
185 2664 242 2723 alia
254 2665 342 2740 longe
356 2666 468 2723 ratione
483 2683 519 2722 ac
534 2682 622 2739 saepe
637 2664 778 2735 videmus,
940 2671 982 2720 135
995 2658 1060 2718 (4⁶0)

113 2779 199 2820 aurea
213 2781 282 2820 cum
296 2763 423 2838 primum
437 2762 612 2838 gemmantis
626 2779 690 2819 rore
705 2780 757 2837 per
771 2761 876 2821 herbas

112 2860 255 2917 matutina
268 2859 373 2917 rubent
386 2858 489 2917 radiati
504 2860 614 2917 lumina
627 2860 696 2917 solis

113 2956 305 3032 exhalantque
319 2957 399 3015 lacus
414 2956 551 3015 nebulam
565 2956 700 3032 fluviique
715 2974 868 3032 perennes,

113 3053 233 3129 ipsaque
247 3064 279 3112 ut
292 3053 439 3113 interdum
454 3054 537 3112 tellus
552 3055 661 3112 fumare
675 3054 808 3127 videtur3

112 3152 211 3209 omnia
224 3169 300 3226 quae
314 3170 428 3210 sursum
443 3171 512 3210 cum
526 3152 725 3222 conciliantur,
740 3153 770 3210 in
784 3151 843 3210 alto
940 3159 983 3206 ¹40
995 3145 1060 3205 (4⁶5)

113 3266 235 3324 corpore
250 3259 390 3307 concreto
404 3249 562 3308 subtexunt
576 3249 675 3307 nubila
689 3250 813 3307 caelum.

113 3345 160 3404 Sic
173 3346 259 3421 igitur
272 3357 335 3404 tum
349 3364 380 3404 se
394 3347 464 3404 levis
479 3365 514 3403 ac
529 3346 659 3404 diffusilis
674 3347 774 3404 aether

113 3461 235 3518 corpore
250 3454 390 3501 concreto
406 3443 602 3502 circumdatus
616 3443 746 3518 undique
754 3443 845 3518 flexit

113 3549 142 3598 et
155 3540 211 3598 late
226 3539 348 3598 diffusus
363 3542 393 3598 in
407 3542 502 3598 omnis
516 3539 647 3615 undique
662 3542 750 3616 partis

112 3637 212 3696 omnia
225 3638 267 3695 sic
282 3637 369 3695 avido
385 3639 540 3712 complexu
557 3648 654 3696 cetera
668 3639 784 3714 saepsit.
940 3644 982 3694 145
995 3634 1060 3693 (470)

114 3734 205 3792 Hunc
218 3734 339 3792 exordia
352 3745 420 3792 sunt
434 3735 502 3792 solis
517 3735 661 3810 lunaeque
675 3746 785 3806 secuta,

112 3828 307 3907 interutraque
330 3831 409 3908 globi
430 3850 556 3907 quorum
570 3842 719 3890 vertuntur
732 3833 762 3890 in
776 3831 871 3905 auris;
