2558 4230
470 360 512 427 P.
536 359 680 426 Ovidius
702 363 802 429 Nam.

617 711 660 771 11.

498 873 652 924 anonas.
688 875 740 924 111.
757 887 781 938 9.

192 1025 354 1085 Munium
368 1025 393 1084 si
407 1034 507 1097 mater,
522 1013 616 1083 mater
629 1025 753 1100 ploravit
767 1025 910 1100 Achillen,

233 1133 263 1181 et
276 1132 399 1198 tangunt
412 1140 533 1198 magnas
547 1123 638 1180 tristia
652 1123 711 1180 fata
724 1122 804 1194 deas,

192 1220 293 1280 flebilis
308 1221 452 1297 indignos,
468 1221 596 1297 Elegeia,
612 1223 691 1280 solve
706 1222 835 1296 capillos.

231 1321 277 1378 A!
298 1320 384 1377 nimis
400 1339 436 1376 ex
445 1336 515 1377 vero
530 1338 609 1377 nunc
624 1320 676 1378 tibi
690 1338 800 1378 nomen
814 1320 887 1378 erit!

193 1416 247 1475 Ille
261 1417 303 1474 tui
316 1427 397 1475 vates
411 1417 518 1492 operis,
534 1426 585 1475 tua
599 1417 684 1488 lama,
699 1417 830 1475 Tibullus

233 1515 316 1573 ardet
329 1516 360 1573 in
374 1525 516 1586 extructo,
532 1533 637 1590 corpus
652 1515 748 1586 inane,
763 1531 844 1589 rogo.

194 1612 285 1684 Ecce,
300 1630 373 1688 puer
385 1613 508 1671 Veneris
522 1613 576 1671 sert
590 1629 779 1685 eversamque
794 1611 960 1686 pharetram

234 1719 264 1767 et
277 1709 382 1767 fractos
397 1728 480 1767 arcus
495 1719 524 1767 et
538 1710 601 1767 sine
615 1710 681 1767 luce
695 1709 799 1766 lacem.

193 1806 311 1881 Aspice,
327 1806 460 1865 demissis
474 1816 507 1865 ut
521 1817 568 1864 eat
582 1807 751 1865 miserabilis
766 1806 827 1878 alis,

234 1913 413 1980 pectoraque
428 1904 532 1962 infesta
545 1903 650 1962 tundat
664 1913 765 1979 aperta
779 1920 877 1961 manu.
1087 1912 1114 1946 10

195 1999 353 2077 Excipiunt
367 2002 500 2060 lacrimas
514 2002 605 2076 sparsi
620 2019 673 2076 per
687 2001 763 2058 colla
777 2000 883 2075 capilli,

235 2116 344 2173 oraque
359 2099 484 2173 singultu
500 2099 689 2156 concutiente
704 2107 819 2156 sonant.

195 2195 301 2254 Fratris
316 2196 345 2252 in
360 2198 478 2252 Aeneae
493 2195 534 2252 sic
549 2195 629 2252 illum
644 2196 744 2252 sunere
760 2194 863 2252 dicunt

236 2311 384 2368 egressum
398 2293 492 2363 tectis,
508 2292 631 2367 pulcher
646 2292 718 2363 lule,
734 2292 799 2350 tuis.

196 2390 262 2447 Nec
277 2392 372 2447 minus
387 2399 431 2447 est
445 2391 569 2447 confusa
582 2390 683 2447 Venus
697 2390 841 2447 moriente
854 2389 981 2464 Tibullo,
1087 2398 1114 2447 15

235 2505 324 2562 quam
339 2488 434 2544 iuveni
449 2489 526 2562 rupit
540 2505 608 2544 cum
623 2487 698 2544 ferus
713 2487 821 2562 inguen
836 2505 918 2562 apen·

194 2586 233 2642 At
247 2585 320 2641 sacri
334 2593 413 2640 vates
428 2593 458 2641 et
472 2583 572 2640 divum
586 2603 657 2641 cura
669 2586 827 2643 vocamur!

235 2691 301 2739 sunt
316 2682 412 2751 etiam,
428 2682 546 2755 quinos
561 2699 670 2738 numen
685 2681 793 2738 habere
807 2690 910 2755 putent
923 2683 931 2740 l

195 2779 311 2838 Scilicet
325 2797 413 2836 omne
428 2797 542 2836 sacrum
556 2795 634 2835 mors
649 2778 805 2853 inportuna
817 2779 961 2852 profanat.

236 2877 381 2936 Omnibus
396 2877 533 2934 obscuras
549 2876 629 2932 inicit
644 2875 691 2931 illa
704 2893 818 2933 manus.
1084 2888 1114 2919 20

194 2973 275 3050 Quid
289 2985 373 3048 pater
388 2975 517 3044 Ismario,
533 2972 605 3048 quid
620 2981 712 3029 mater
725 2973 831 3047 profuit
846 2972 990 3048 Orpheo?

236 3072 372 3130 Carmine
387 3070 458 3146 quid
472 3071 562 3128 victas
577 3070 751 3144 obstipuisse
766 3072 862 3129 seras?

193 3169 319 3228 Aelinon
334 3170 364 3226 in
375 3169 451 3226 silvis
466 3167 546 3224 idem
561 3178 652 3242 pater,
668 3168 793 3240 aelinon,
809 3168 872 3226 altis

235 3267 340 3324 dicitur
355 3267 443 3323 invita
457 3266 640 3322 concinuisse
656 3265 723 3341 lyra.

192 3365 287 3424 Adice
303 3363 493 3434 Maeoniden,
508 3380 526 3420 a
539 3381 608 3438 qu0,
625 3380 681 3420 ceu
695 3364 775 3421 sonte
789 3364 920 3438 perenni,
1081 3375 1111 3422 ο5

232 3472 331 3520 vatum
347 3462 445 3519 Pieriis
461 3479 512 3518 ora
526 3461 654 3535 rigantur
668 3461 759 3536 aquis.

193 3561 285 3619 Hunc
301 3576 419 3634 quoque
434 3577 548 3616 summa
563 3558 625 3616 dies
640 3559 722 3633 nigro
737 3558 890 3616 submersit
904 3559 1040 3617 Averno:

226 3657 380 3732 defugiunt
401 3654 501 3713 avidos
517 3656 645 3713 carmina
659 3655 720 3713 sola
734 3673 828 3730 rogos.

192 3753 286 3814 Durat
299 3770 373 3827 opus
387 3762 504 3810 vatum:
526 3753 645 3809 Troiani
659 3752 736 3809 lama
749 3751 863 3824 laboris,

227 3848 369 3927 tardaque
384 3858 530 3909 nocturno
544 3849 603 3910 tela
616 3859 728 3908 retexta
741 3848 831 3907 dolor
