2558 4230
103 365 150 430 ru]
492 353 622 418 Tibulli
642 354 790 442 Elegiae.

194 536 308 598 Flebis:
330 557 394 598 non
408 547 461 599 tua
474 549 541 600 sunt
554 540 629 600 duro
642 541 817 617 praecordia
830 543 906 602 ferro

231 637 338 709 vincta,
353 637 456 696 necin
470 647 572 697 tenero
585 648 642 697 stat
655 639 708 698 tibi
722 639 813 699 corde
827 640 907 700 silex.

191 733 248 792 Illo
261 753 322 792 non
337 734 450 793 iuvenis
463 736 570 810 poterit
584 734 622 793 de
637 736 738 794 sunere
752 737 906 812 quisquam

233 831 352 903 lumina,
367 849 429 889 non
442 832 532 907 virgo,
546 832 626 890 sicca
638 832 745 891 referre
759 832 892 894 domum.

191 929 238 986 Tu
254 931 359 987 Manes
373 947 412 987 ne
426 927 511 987 laede
526 946 617 1001 meos,
632 928 686 988 sed
699 947 789 1005 parce
803 932 903 991 solutis

234 1027 360 1085 crinibus
374 1037 405 1085 et
418 1027 534 1098 teneris,
550 1028 644 1099 Delia,
658 1046 747 1103 parce
762 1029 853 1104 genis.

193 1122 320 1194 Interea,
335 1123 407 1181 dum
421 1123 480 1182 fata
493 1124 599 1195 sinunt,
614 1125 769 1200 iungamus
782 1144 915 1187 amores:

233 1220 292 1278 iam
306 1221 404 1278 veniet
417 1220 545 1279 tenebris
560 1223 642 1279 Mors
656 1221 799 1298 adoperta
813 1235 910 1299 caput,
1114 1224 1165 1282 (70)

192 1317 251 1375 iam
264 1318 402 1393 subrepet
415 1318 492 1376 iners
506 1328 594 1388 aetas,
609 1336 706 1394 neque
721 1337 818 1378 amare
832 1321 959 1394 decebit,

233 1414 332 1472 dicere
347 1432 404 1472 nec
419 1433 495 1472 cano
509 1415 664 1474 blanditias
678 1417 777 1492 capiti.
1079 1431 1108 1475 70

192 1512 254 1570 Hic
268 1530 325 1588 ego
339 1512 400 1570 dux
414 1513 556 1588 milesque
570 1513 666 1572 bonus
678 1535 684 1572 :
706 1533 769 1586 vos,
783 1515 867 1591 signa
880 1516 1037 1592 tubaeque,
1114 1514 1165 1574 (75)

233 1610 272 1667 ite
288 1610 398 1684 procul,
414 1610 528 1685 cupidis
542 1611 661 1669 vulnera
674 1611 747 1669 ferte
760 1613 836 1684 viris,

191 1705 264 1765 ferte
279 1717 310 1765 et
323 1724 414 1781 opes:
437 1725 494 1782 ego
509 1709 675 1782 composito
689 1726 808 1767 securus
822 1727 929 1770 acervo

233 1803 396 1879 despiciam
409 1803 486 1863 dites
501 1803 722 1881 despiciamque
736 1806 856 1866 samem.

543 2115 585 2174 11·
632 2113 730 2192 (rs)

197 2288 276 2346 Ibitis
290 2291 423 2365 Aegaeas
436 2289 499 2348 sine
514 2307 571 2361 me,
587 2290 724 2361 Messala,
739 2309 792 2366 per
805 2290 908 2363 undas,

234 2386 263 2444 Ο
277 2387 390 2444 utinam
403 2404 550 2444 memores
565 2388 627 2462 ipse
642 2388 809 2463 cohorsque
823 2390 901 2448 mei:

197 2499 242 2539 me
256 2492 338 2541 tenet
352 2483 457 2558 ignotis
471 2501 590 2558 aegrum
607 2484 751 2542 Phaeacia
766 2486 866 2544 terris:

234 2579 379 2638 abstineas
393 2580 501 2652 avidas,
517 2583 599 2639 Mors
613 2599 718 2657 precor
732 2592 801 2652 atra,
817 2600 930 2642 manus,

196 2675 356 2747 AbstineaS,
372 2679 454 2736 Mors
468 2687 537 2748 atra,
553 2696 674 2752 precor:
698 2697 758 2736 non
773 2679 820 2736 hic
835 2680 907 2737 mihi
921 2690 1014 2740 mater
1091 2688 1106 2738 5

234 2792 310 2847 quae
324 2775 401 2850 legat
415 2775 445 2832 in
460 2786 587 2833 maestos
601 2795 665 2834 ossa
681 2786 798 2851 perusta
812 2777 901 2848 sinus,

197 2886 254 2928 non
267 2890 357 2943 soror,
372 2872 504 2947 Assyrios
518 2873 608 2931 cineri
622 2892 698 2948 quae
713 2873 804 2931 dedat
818 2873 925 2933 odores

234 2979 264 3027 et
277 2969 344 3027 fleat
358 2968 455 3027 effusis
469 2980 536 3028 aute
551 2971 683 3045 sepulcra
698 2971 801 3042 comis,

198 3063 279 3123 Delia
292 3083 353 3124 non
367 3085 509 3142 usquam3
532 3086 607 3142 quae
622 3086 670 3126 me
686 3086 753 3126 cum
769 3068 897 3127 mitteret
910 3069 991 3141 urbe,

233 3161 339 3221 dieitur
351 3174 420 3222 ante
433 3183 538 3223 omnes
552 3166 731 3223 consuluisse
747 3165 830 3224 deos,
1077 3175 1106 3210 10

198 3257 248 3317 llla
260 3279 357 3319 sacras
371 3261 453 3337 pueri
467 3271 560 3320 sortes
574 3272 618 3320 ter
631 3263 762 3321 sustulit:
785 3263 825 3321 illi

233 3358 340 3416 rettulit
353 3375 370 3416 e
384 3358 473 3416 triviis
486 3359 586 3417 omina
601 3370 680 3417 certa
693 3378 775 3435 puer.

197 3451 309 3512 Cuncta
322 3453 432 3514 dabant
445 3455 573 3514 reditus:
596 3466 695 3515 tamen
710 3468 754 3516 est
769 3458 906 3516 deterrita
918 3475 1089 3534 numquam,

191 3544 193 3548 ’
233 3552 302 3626 quin
317 3552 398 3611 fleret
412 3563 524 3611 nostras
538 3555 776 3629 prospiceretque
791 3557 860 3613 vias.

195 3645 261 3724 Ipse
276 3667 331 3725 ego
345 3650 461 3721 solator,
477 3668 544 3709 curu
559 3651 616 3709 iam
631 3651 769 3709 mandata
783 3651 942 3724 dedissem,
1075 3661 1103 3710 Ι5

231 3747 409 3822 quaerebam
422 3746 519 3806 tardas
533 3748 635 3806 anxius
648 3765 742 3822 usque
757 3768 861 3808 moras.

194 3842 251 3903 Aut
264 3861 320 3921 ego
333 3861 399 3904 sum
414 3853 547 3904 causatus
562 3861 631 3904 aves
645 3853 695 3903 aut
708 3845 809 3904 omina
822 3844 893 3919 dira,
