2558 4230
107 324 146 388 m]
532 313 629 377 Fasti
648 315 694 380 ll.

170 498 234 557 Una
247 497 310 557 dies
326 497 434 557 Fabios
448 497 487 557 ad
501 498 609 558 bellum
625 500 743 560 miserat
757 519 879 562 omnes:

205 593 243 652 ad
255 595 366 653 bellurn
381 596 487 655 missos
499 596 628 673 perdidit
643 616 701 656 una
715 598 787 657 dies.

169 692 208 751 Ut
219 702 317 750 tamen
335 693 502 751 Herculeae
517 705 702 769 superessent
717 696 830 754 semina
843 698 948 773 gentis,

207 788 345 848 credibile
361 800 405 848 est
420 791 500 866 ipsos
514 792 693 850 consuluisse
709 793 791 851 deos.

170 886 244 943 Nam
258 903 331 961 puer
345 887 470 962 inpubes
484 899 514 945 et
528 889 625 946 adhuc
640 909 700 947 non
715 891 791 948 utilis
805 892 892 949 armis

206 1002 279 1041 uuus
293 983 332 1042 de
349 985 440 1042 Fabia
453 997 539 1059 geute
555 987 669 1045 relictus
685 999 763 1045 erat:

171 1080 274 1138 scilicet
289 1089 321 1138 ut
335 1098 438 1156 posses
453 1082 522 1139 olim
537 1094 578 1153 tu,
594 1085 734 1155 Maxime,
749 1085 839 1158 nasci,

206 1177 252 1234 cui
265 1195 312 1236 res
326 1178 496 1237 cunctando
511 1181 690 1239 restituenda
704 1182 786 1241 soret.

588 1719 641 1777 VI.

460 1895 558 1945 FASTI
577 1896 612 1944 11.
647 1908 769 1962 533-570.

174 2057 228 2116 EST
241 2059 336 2117 bonor
350 2067 381 2116 et
394 2058 519 2130 tumulis,
534 2060 644 2117 animas
660 2061 774 2135 placare
793 2072 937 2136 paternas,

208 2173 354 2231 parvaque
369 2156 399 2213 in
414 2166 558 2214 extructas
573 2176 693 2214 munera
707 2159 779 2216 serre
795 2177 888 2233 pyras.

174 2252 259 2310 Parva
273 2264 378 2328 petunt
394 2254 508 2310 Manes.
553 2255 647 2312 Pietas
662 2274 715 2329 pro
731 2239 819 2313 divite
834 2266 915 2330 grata
929 2263 974 2312 est

209 2368 338 2408 munere.
382 2350 451 2408 Non
467 2350 568 2408 avidos
583 2352 652 2426 Styx
667 2352 754 2410 babet
769 2353 826 2409 iura
841 2352 923 2411 deos,

172 2447 278 2524 Tegula
292 2449 434 2523 porrectis
449 2448 517 2505 satis
533 2459 577 2506 est
592 2450 684 2506 velata
699 2452 823 2519 coronis,
1068 2458 1083 2506 5

208 2557 237 2604 et
250 2565 368 2622 sparsae
383 2546 487 2621 fruges,
504 2564 649 2620 parcaque
665 2548 741 2603 mica
755 2548 831 2617 salis,

171 2642 254 2719 inque
268 2662 352 2721 mero
366 2644 476 2702 mollita
490 2645 590 2714 Ceres,
606 2645 758 2717 violaeque
773 2644 903 2702 solutae:

207 2741 280 2799 haec
295 2742 402 2800 habeat
416 2742 515 2800 media
529 2752 602 2799 testa
616 2742 715 2798 relicta
729 2742 783 2798 via.

171 2839 233 2897 Nec
247 2840 358 2898 maiora
371 2850 448 2898 veto.
490 2839 549 2898 Sed
564 2850 593 2897 et
608 2840 651 2897 his
665 2839 816 2914 placabilis
831 2838 934 2896 umbra
948 2846 1001 2896 est.

206 2934 292 2995 Adde
308 2955 410 3012 preces
425 2937 526 3013 positis
541 2949 571 2995 et
585 2957 637 2995 sua
651 2937 739 2994 verba
754 2936 834 2993 focis
1056 2943 1083 2977 10

172 3032 259 3091 Hunc
273 3052 386 3092 morem
401 3038 525 3104 Aeneas,
541 3035 655 3110 pietatis
673 3033 795 3091 idoneus
810 3041 920 3103 auctor,

207 3132 300 3189 attulit
315 3132 343 3188 in
358 3141 456 3202 terras,
472 3131 545 3189 iuste
562 3133 672 3200 Latine,
690 3141 762 3188 tuas.

170 3227 219 3285 llle
234 3229 322 3303 patris
337 3229 434 3287 Genio
450 3229 600 3286 sollemnia
615 3228 694 3285 dona
709 3228 828 3285 serebat.

208 3326 289 3383 Hinc
304 3326 406 3401 populi
420 3326 490 3383 ritus
505 3325 652 3382 edidicere
667 3326 742 3400 pios

169 3423 206 3480 At
219 3422 380 3498 quondam,
394 3423 466 3481 dum
480 3423 568 3497 longa
581 3433 684 3497 gerunt
699 3423 881 3497 pugnacibus
896 3420 982 3479 armis
1055 3429 1082 3477 ι5

207 3520 291 3591 bella,
306 3520 469 3596 parentales
484 3519 637 3577 deseruere
653 3519 724 3577 dies.

170 3616 238 3674 Non
252 3618 373 3693 impune
388 3617 449 3676 luit.
493 3617 570 3674 Nam
586 3615 692 3674 dicitur
706 3617 805 3673 omine
821 3616 858 3674 ab
872 3615 928 3674 isto

208 3722 307 3781 Roma
320 3721 491 3780 suburbanis
505 3720 659 3777 incaluisse
674 3719 759 3794 rogis.

170 3816 224 3876 Vix
237 3817 376 3896 equidem
390 3816 493 3876 credo:
505 3816 596 3876 bustis
611 3815 704 3876 exisse
719 3815 849 3877 feruutur
