<?xml version="1.0" encoding="UTF-8"?>
<!DOCTYPE html PUBLIC "-//W3C//DTD XHTML 1.0 Transitional//EN"
    "http://www.w3.org/TR/xhtml1/DTD/xhtml1-transitional.dtd">
<html xmlns="http://www.w3.org/1999/xhtml" xml:lang="en" lang="en">
 <head>
  <title>
</title>
<meta http-equiv="Content-Type" content="text/html;charset=utf-8" />
  <meta name='ocr-system' content='tesseract 3.04.00' />
  <meta name='ocr-capabilities' content='ocr_page ocr_carea ocr_par ocr_line ocrx_word'/>
</head>
<body>
  <div class='ocr_page' id='page_1' title='image "./selectionsfroml02crowgoog_0141.png"; bbox 0 0 2558 4230; ppageno 0'>
   <div class='ocr_carea' id='block_1_1' title="bbox 460 302 804 368">
    <p class='ocr_par' dir='ltr' id='par_1_1' title="bbox 460 302 804 368">
     <span class='ocr_line' id='line_1_1' title="bbox 460 302 804 368; baseline 0 -1"><span class='ocrx_word' id='word_1_1' title='bbox 460 303 592 368; x_wconf 80' lang='lat' dir='ltr'><strong>Lucani</strong></span> <span class='ocrx_word' id='word_1_2' title='bbox 612 302 804 367; x_wconf 76' lang='lat' dir='ltr'><em>Pharsalia.</em></span> 
     </span>
    </p>
   </div>
   <div class='ocr_carea' id='block_1_2' title="bbox 185 488 1112 2520">
    <p class='ocr_par' dir='ltr' id='par_1_2' title="bbox 186 488 887 567">
     <span class='ocr_line' id='line_1_2' title="bbox 186 488 887 567; baseline -0.003 -18"><span class='ocrx_word' id='word_1_3' title='bbox 186 499 231 549; x_wconf 91' lang='lat' dir='ltr'><strong>est</strong></span> <span class='ocrx_word' id='word_1_4' title='bbox 243 491 349 567; x_wconf 86' lang='lat' dir='ltr'>pelago</span> <span class='ocrx_word' id='word_1_5' title='bbox 364 488 475 548; x_wconf 88' lang='lat' dir='ltr'><strong>donata</strong></span> <span class='ocrx_word' id='word_1_6' title='bbox 490 490 557 562; x_wconf 90' lang='lat' dir='ltr'><strong>mei,</strong></span> <span class='ocrx_word' id='word_1_7' title='bbox 571 489 712 565; x_wconf 83' lang='lat' dir='ltr'><strong>bellisque</strong></span> <span class='ocrx_word' id='word_1_8' title='bbox 727 506 887 565; x_wconf 87' lang='lat' dir='ltr'><strong>negamur;</strong></span> 
     </span>
    </p>

    <p class='ocr_par' dir='ltr' id='par_1_3' title="bbox 185 586 1104 858">
     <span class='ocr_line' id='line_1_3' title="bbox 185 586 1060 662; baseline -0.002 -16"><span class='ocrx_word' id='word_1_9' title='bbox 185 586 356 662; x_wconf 87' lang='lat' dir='ltr'><strong>intrepidus,</strong></span> <span class='ocrx_word' id='word_1_10' title='bbox 371 605 588 662; x_wconf 85' lang='lat' dir='ltr'>quamcumque</span> <span class='ocrx_word' id='word_1_11' title='bbox 603 586 677 645; x_wconf 88' lang='lat' dir='ltr'><strong>datis</strong></span> <span class='ocrx_word' id='word_1_12' title='bbox 691 587 772 658; x_wconf 90' lang='lat' dir='ltr'><strong>mihi,</strong></span> <span class='ocrx_word' id='word_1_13' title='bbox 786 587 915 659; x_wconf 89' lang='lat' dir='ltr'><strong>numina,</strong></span> <span class='ocrx_word' id='word_1_14' title='bbox 930 593 1060 644; x_wconf 86' lang='lat' dir='ltr'><strong>mortem</strong></span> 
     </span>
     <span class='ocr_line' id='line_1_4' title="bbox 186 685 1104 761; baseline -0.002 -19"><span class='ocrx_word' id='word_1_15' title='bbox 186 686 339 760; x_wconf 83' lang='lat' dir='ltr'><strong>accipiam.</strong></span> <span class='ocrx_word' id='word_1_16' title='bbox 382 687 465 744; x_wconf 88' lang='lat' dir='ltr'><strong>Licet</strong></span> <span class='ocrx_word' id='word_1_17' title='bbox 479 686 612 760; x_wconf 85' lang='lat' dir='ltr'><strong>ingentes</strong></span> <span class='ocrx_word' id='word_1_18' title='bbox 626 685 772 761; x_wconf 83' lang='lat' dir='ltr'><strong>abruperit</strong></span> <span class='ocrx_word' id='word_1_19' title='bbox 786 694 868 743; x_wconf 91' lang='lat' dir='ltr'><strong>actus</strong></span> <span class='ocrx_word' id='word_1_20' title='bbox 1060 691 1104 740; x_wconf 82' lang='lat'><strong>115</strong></span> 
     </span>
     <span class='ocr_line' id='line_1_5' title="bbox 187 782 804 858; baseline -0.002 -17"><span class='ocrx_word' id='word_1_21' title='bbox 187 783 321 841; x_wconf 83' lang='lat' dir='ltr'><strong>festinata</strong></span> <span class='ocrx_word' id='word_1_22' title='bbox 335 782 397 841; x_wconf 87' lang='lat' dir='ltr'><strong>dies</strong></span> <span class='ocrx_word' id='word_1_23' title='bbox 412 783 495 855; x_wconf 83' lang='lat' dir='ltr'><strong>fatis;</strong></span> <span class='ocrx_word' id='word_1_24' title='bbox 518 793 562 841; x_wconf 89' lang='lat' dir='ltr'><strong>sat</strong></span> <span class='ocrx_word' id='word_1_25' title='bbox 576 800 682 858; x_wconf 88' lang='lat' dir='ltr'><strong>magna</strong></span> <span class='ocrx_word' id='word_1_26' title='bbox 696 782 804 858; x_wconf 86' lang='lat' dir='ltr'><strong>peregi.</strong></span> 
     </span>
    </p>

    <p class='ocr_par' dir='ltr' id='par_1_4' title="bbox 186 879 818 955">
     <span class='ocr_line' id='line_1_6' title="bbox 186 879 818 955; baseline -0.002 -17"><span class='ocrx_word' id='word_1_27' title='bbox 186 882 308 938; x_wconf 87' lang='lat' dir='ltr'><strong>Arctoas</strong></span> <span class='ocrx_word' id='word_1_28' title='bbox 324 879 425 937; x_wconf 91' lang='lat' dir='ltr'><strong>domui</strong></span> <span class='ocrx_word' id='word_1_29' title='bbox 439 890 561 955; x_wconf 85' lang='lat' dir='ltr'><strong>gentes:</strong></span> <span class='ocrx_word' id='word_1_30' title='bbox 583 880 702 937; x_wconf 90' lang='lat' dir='ltr'><strong>inimica</strong></span> <span class='ocrx_word' id='word_1_31' title='bbox 716 879 818 955; x_wconf 90' lang='lat' dir='ltr'><strong>subegi</strong></span> 
     </span>
    </p>

    <p class='ocr_par' dir='ltr' id='par_1_5' title="bbox 188 973 1030 1149">
     <span class='ocr_line' id='line_1_7' title="bbox 188 973 1030 1051; baseline 0.002 -17"><span class='ocrx_word' id='word_1_32' title='bbox 188 995 269 1034; x_wconf 88' lang='lat' dir='ltr'><strong>arma</strong></span> <span class='ocrx_word' id='word_1_33' title='bbox 282 987 380 1034; x_wconf 88' lang='lat' dir='ltr'><strong>metu:</strong></span> <span class='ocrx_word' id='word_1_34' title='bbox 403 976 475 1034; x_wconf 91' lang='lat' dir='ltr'><strong>vidit</strong></span> <span class='ocrx_word' id='word_1_35' title='bbox 490 979 632 1051; x_wconf 87' lang='lat' dir='ltr'><strong>Magnum</strong></span> <span class='ocrx_word' id='word_1_36' title='bbox 646 977 718 1035; x_wconf 90' lang='lat' dir='ltr'><strong>mihi</strong></span> <span class='ocrx_word' id='word_1_37' title='bbox 732 978 830 1035; x_wconf 87' lang='lat' dir='ltr'><strong>Roma</strong></span> <span class='ocrx_word' id='word_1_38' title='bbox 843 973 1008 1035; x_wconf 88' lang='lat' dir='ltr'><strong>secundum</strong></span> <span class='ocrx_word' id='word_1_39' title='bbox 1022 997 1030 1036; x_wconf 74' lang='grc' dir='ltr'><em>τ</em></span> 
     </span>
     <span class='ocr_line' id='line_1_8' title="bbox 188 1074 840 1149; baseline 0.003 -18"><span class='ocrx_word' id='word_1_40' title='bbox 188 1074 265 1131; x_wconf 90' lang='lat' dir='ltr'><strong>iussa</strong></span> <span class='ocrx_word' id='word_1_41' title='bbox 279 1074 364 1149; x_wconf 90' lang='lat' dir='ltr'><strong>plebe</strong></span> <span class='ocrx_word' id='word_1_42' title='bbox 379 1074 431 1131; x_wconf 94' lang='lat' dir='ltr'><strong>tuli</strong></span> <span class='ocrx_word' id='word_1_43' title='bbox 445 1075 538 1132; x_wconf 84' lang='lat' dir='ltr'><strong>fasces</strong></span> <span class='ocrx_word' id='word_1_44' title='bbox 553 1092 605 1149; x_wconf 93' lang='lat' dir='ltr'><strong>per</strong></span> <span class='ocrx_word' id='word_1_45' title='bbox 618 1075 695 1133; x_wconf 88' lang='lat' dir='ltr'><strong>bella</strong></span> <span class='ocrx_word' id='word_1_46' title='bbox 709 1083 840 1149; x_wconf 89' lang='lat' dir='ltr'><strong>negatos.</strong></span> 
     </span>
    </p>

    <p class='ocr_par' dir='ltr' id='par_1_6' title="bbox 189 1171 1106 1442">
     <span class='ocr_line' id='line_1_9' title="bbox 189 1171 1106 1246; baseline 0.003 -18"><span class='ocrx_word' id='word_1_47' title='bbox 189 1171 277 1228; x_wconf 93' lang='lat' dir='ltr'><strong>Nulla</strong></span> <span class='ocrx_word' id='word_1_48' title='bbox 290 1171 362 1228; x_wconf 87' lang='lat' dir='ltr'><strong>meis</strong></span> <span class='ocrx_word' id='word_1_49' title='bbox 377 1171 468 1229; x_wconf 89' lang='lat' dir='ltr'><strong>aberit</strong></span> <span class='ocrx_word' id='word_1_50' title='bbox 482 1172 570 1229; x_wconf 89' lang='lat' dir='ltr'><strong>titulis</strong></span> <span class='ocrx_word' id='word_1_51' title='bbox 586 1173 723 1230; x_wconf 86' lang='lat' dir='ltr'><strong>Romana</strong></span> <span class='ocrx_word' id='word_1_52' title='bbox 735 1180 875 1246; x_wconf 85' lang='lat' dir='ltr'><strong>potestas.</strong></span> <span class='ocrx_word' id='word_1_53' title='bbox 1062 1177 1106 1212; x_wconf 78' lang='lat'><strong>¹²⁰</strong></span> 
     </span>
     <span class='ocr_line' id='line_1_10' title="bbox 190 1267 1004 1345; baseline 0.001 -20"><span class='ocrx_word' id='word_1_54' title='bbox 190 1268 311 1325; x_wconf 91' lang='lat' dir='ltr'><strong>Nesciet</strong></span> <span class='ocrx_word' id='word_1_55' title='bbox 325 1267 383 1325; x_wconf 91' lang='lat' dir='ltr'><strong>hoc</strong></span> <span class='ocrx_word' id='word_1_56' title='bbox 398 1269 562 1343; x_wconf 89' lang='lat' dir='ltr'><strong>quisquam,</strong></span> <span class='ocrx_word' id='word_1_57' title='bbox 577 1270 633 1326; x_wconf 90' lang='lat' dir='ltr'><strong>nisi</strong></span> <span class='ocrx_word' id='word_1_58' title='bbox 647 1279 688 1341; x_wconf 94' lang='lat' dir='ltr'><strong>tu,</strong></span> <span class='ocrx_word' id='word_1_59' title='bbox 703 1287 779 1345; x_wconf 89' lang='lat' dir='ltr'><strong>quae</strong></span> <span class='ocrx_word' id='word_1_60' title='bbox 794 1270 856 1327; x_wconf 89' lang='lat' dir='ltr'><strong>sola</strong></span> <span class='ocrx_word' id='word_1_61' title='bbox 870 1286 1004 1330; x_wconf 89' lang='lat' dir='ltr'><strong>meorum</strong></span> 
     </span>
     <span class='ocr_line' id='line_1_11' title="bbox 189 1365 1009 1442; baseline 0.004 -21"><span class='ocrx_word' id='word_1_62' title='bbox 189 1365 310 1422; x_wconf 90' lang='lat' dir='ltr'><strong>conscia</strong></span> <span class='ocrx_word' id='word_1_63' title='bbox 323 1377 456 1422; x_wconf 88' lang='lat' dir='ltr'><strong>votorum</strong></span> <span class='ocrx_word' id='word_1_64' title='bbox 471 1383 511 1436; x_wconf 77' lang='lat' dir='ltr'><strong>eS,</strong></span> <span class='ocrx_word' id='word_1_65' title='bbox 527 1384 584 1437; x_wconf 92' lang='lat' dir='ltr'><strong>me,</strong></span> <span class='ocrx_word' id='word_1_66' title='bbox 600 1368 731 1442; x_wconf 87' lang='lat' dir='ltr'><strong>quamvis</strong></span> <span class='ocrx_word' id='word_1_67' title='bbox 745 1366 849 1442; x_wconf 90' lang='lat' dir='ltr'><strong>plenus</strong></span> <span class='ocrx_word' id='word_1_68' title='bbox 863 1367 1009 1424; x_wconf 91' lang='lat' dir='ltr'><strong>honorum</strong></span> 
     </span>
    </p>

    <p class='ocr_par' dir='ltr' id='par_1_7' title="bbox 190 1461 917 1538">
     <span class='ocr_line' id='line_1_12' title="bbox 190 1461 917 1538; baseline 0.007 -20"><span class='ocrx_word' id='word_1_69' title='bbox 190 1471 221 1519; x_wconf 91' lang='lat' dir='ltr'><strong>et</strong></span> <span class='ocrx_word' id='word_1_70' title='bbox 235 1461 358 1519; x_wconf 88' lang='lat' dir='ltr'><strong>dictator</strong></span> <span class='ocrx_word' id='word_1_71' title='bbox 372 1480 439 1519; x_wconf 92' lang='lat' dir='ltr'><strong>eam</strong></span> <span class='ocrx_word' id='word_1_72' title='bbox 453 1463 563 1538; x_wconf 85' lang='lat' dir='ltr'><strong>Stygias</strong></span> <span class='ocrx_word' id='word_1_73' title='bbox 577 1473 607 1521; x_wconf 92' lang='lat' dir='ltr'><strong>et</strong></span> <span class='ocrx_word' id='word_1_74' title='bbox 621 1464 724 1521; x_wconf 89' lang='lat' dir='ltr'><strong>consul</strong></span> <span class='ocrx_word' id='word_1_75' title='bbox 739 1463 776 1521; x_wconf 94' lang='lat' dir='ltr'><strong>ad</strong></span> <span class='ocrx_word' id='word_1_76' title='bbox 790 1465 917 1535; x_wconf 86' lang='lat' dir='ltr'><strong>umbras,</strong></span> 
     </span>
    </p>

    <p class='ocr_par' dir='ltr' id='par_1_8' title="bbox 190 1559 921 1635">
     <span class='ocr_line' id='line_1_13' title="bbox 190 1559 921 1635; baseline 0.005 -20"><span class='ocrx_word' id='word_1_77' title='bbox 190 1559 341 1635; x_wconf 88' lang='lat' dir='ltr'><strong>privatum,</strong></span> <span class='ocrx_word' id='word_1_78' title='bbox 358 1561 494 1631; x_wconf 87' lang='lat' dir='ltr'><strong>Fortuna,</strong></span> <span class='ocrx_word' id='word_1_79' title='bbox 511 1561 594 1619; x_wconf 91' lang='lat' dir='ltr'><strong>mori.</strong></span> <span class='ocrx_word' id='word_1_80' title='bbox 637 1562 712 1620; x_wconf 87' lang='lat' dir='ltr'><strong>Mihi</strong></span> <span class='ocrx_word' id='word_1_81' title='bbox 726 1563 827 1619; x_wconf 84' lang='lat' dir='ltr'><strong>funere</strong></span> <span class='ocrx_word' id='word_1_82' title='bbox 842 1562 921 1619; x_wconf 93' lang='lat' dir='ltr'><strong>nullo</strong></span> 
     </span>
    </p>

    <p class='ocr_par' dir='ltr' id='par_1_9' title="bbox 191 1657 1108 1833">
     <span class='ocr_line' id='line_1_14' title="bbox 191 1657 1108 1732; baseline 0.001 -19"><span class='ocrx_word' id='word_1_83' title='bbox 191 1665 235 1714; x_wconf 92' lang='lat' dir='ltr'><strong>est</strong></span> <span class='ocrx_word' id='word_1_84' title='bbox 249 1674 333 1731; x_wconf 92' lang='lat' dir='ltr'><strong>opus,</strong></span> <span class='ocrx_word' id='word_1_85' title='bbox 348 1675 366 1714; x_wconf 97' lang='lat' dir='ltr'><strong>o</strong></span> <span class='ocrx_word' id='word_1_86' title='bbox 381 1658 496 1732; x_wconf 88' lang='lat' dir='ltr'><strong>superi:</strong></span> <span class='ocrx_word' id='word_1_87' title='bbox 521 1657 650 1716; x_wconf 90' lang='lat' dir='ltr'><strong>lacerum</strong></span> <span class='ocrx_word' id='word_1_88' title='bbox 664 1659 786 1717; x_wconf 87' lang='lat' dir='ltr'><strong>retinete</strong></span> <span class='ocrx_word' id='word_1_89' title='bbox 801 1658 928 1717; x_wconf 90' lang='lat' dir='ltr'><strong>cadaver</strong></span> <span class='ocrx_word' id='word_1_90' title='bbox 1063 1666 1108 1714; x_wconf 80' lang='lat'><strong>125</strong></span> 
     </span>
     <span class='ocr_line' id='line_1_15' title="bbox 192 1753 981 1833; baseline 0.005 -23"><span class='ocrx_word' id='word_1_91' title='bbox 192 1753 325 1811; x_wconf 90' lang='lat' dir='ltr'><strong>fluctibus</strong></span> <span class='ocrx_word' id='word_1_92' title='bbox 340 1753 370 1811; x_wconf 93' lang='lat' dir='ltr'><strong>in</strong></span> <span class='ocrx_word' id='word_1_93' title='bbox 385 1754 507 1813; x_wconf 90' lang='lat' dir='ltr'><strong>mediis:</strong></span> <span class='ocrx_word' id='word_1_94' title='bbox 532 1755 628 1814; x_wconf 91' lang='lat' dir='ltr'><strong>desint</strong></span> <span class='ocrx_word' id='word_1_95' title='bbox 642 1756 714 1815; x_wconf 90' lang='lat' dir='ltr'><strong>mihi</strong></span> <span class='ocrx_word' id='word_1_96' title='bbox 729 1757 813 1814; x_wconf 90' lang='lat' dir='ltr'><strong>busta</strong></span> <span class='ocrx_word' id='word_1_97' title='bbox 826 1774 981 1833; x_wconf 91' lang='lat' dir='ltr'><strong>rogusque,</strong></span> 
     </span>
    </p>

    <p class='ocr_par' dir='ltr' id='par_1_10' title="bbox 192 1851 1009 2024">
     <span class='ocr_line' id='line_1_16' title="bbox 192 1851 1009 1930; baseline 0.005 -21"><span class='ocrx_word' id='word_1_98' title='bbox 192 1851 262 1910; x_wconf 94' lang='lat' dir='ltr'><strong>dum</strong></span> <span class='ocrx_word' id='word_1_99' title='bbox 277 1863 390 1910; x_wconf 88' lang='lat' dir='ltr'><strong>metuar</strong></span> <span class='ocrx_word' id='word_1_100' title='bbox 404 1873 527 1930; x_wconf 90' lang='lat' dir='ltr'><strong>semper,</strong></span> <span class='ocrx_word' id='word_1_101' title='bbox 542 1865 675 1930; x_wconf 89' lang='lat' dir='ltr'><strong>terraque</strong></span> <span class='ocrx_word' id='word_1_102' title='bbox 691 1865 843 1929; x_wconf 87' lang='lat' dir='ltr'><strong>exspecter</strong></span> <span class='ocrx_word' id='word_1_103' title='bbox 856 1856 895 1914; x_wconf 90' lang='lat' dir='ltr'><strong>ab</strong></span> <span class='ocrx_word' id='word_1_104' title='bbox 908 1855 1009 1914; x_wconf 86' lang='lat' dir='ltr'><strong>omni.’</strong></span> 
     </span>
     <span class='ocr_line' id='line_1_17' title="bbox 193 1951 913 2024; baseline 0.003 -15"><span class='ocrx_word' id='word_1_105' title='bbox 193 1952 279 2009; x_wconf 88' lang='lat' dir='ltr'><strong>Haec</strong></span> <span class='ocrx_word' id='word_1_106' title='bbox 293 1952 383 2009; x_wconf 84' lang='lat' dir='ltr'><strong>fatum</strong></span> <span class='ocrx_word' id='word_1_107' title='bbox 400 1952 542 2024; x_wconf 89' lang='lat' dir='ltr'><strong>decimus,</strong></span> <span class='ocrx_word' id='word_1_108' title='bbox 559 1952 640 2010; x_wconf 87' lang='lat' dir='ltr'><strong>dictu</strong></span> <span class='ocrx_word' id='word_1_109' title='bbox 654 1953 793 2023; x_wconf 88' lang='lat' dir='ltr'><strong>mirabile,</strong></span> <span class='ocrx_word' id='word_1_110' title='bbox 809 1951 913 2011; x_wconf 90' lang='lat' dir='ltr'><strong>fluctus</strong></span> 
     </span>
    </p>

    <p class='ocr_par' dir='ltr' id='par_1_11' title="bbox 191 2050 936 2126">
     <span class='ocr_line' id='line_1_18' title="bbox 191 2050 936 2126; baseline 0.001 -18"><span class='ocrx_word' id='word_1_111' title='bbox 191 2050 317 2108; x_wconf 84' lang='lat' dir='ltr'><strong>invalida</strong></span> <span class='ocrx_word' id='word_1_112' title='bbox 330 2070 397 2108; x_wconf 86' lang='lat' dir='ltr'><strong>cum</strong></span> <span class='ocrx_word' id='word_1_113' title='bbox 413 2069 513 2126; x_wconf 93' lang='lat' dir='ltr'><strong>puppe</strong></span> <span class='ocrx_word' id='word_1_114' title='bbox 529 2051 623 2122; x_wconf 91' lang='lat' dir='ltr'><strong>levat;</strong></span> <span class='ocrx_word' id='word_1_115' title='bbox 644 2068 701 2108; x_wconf 89' lang='lat' dir='ltr'><strong>nec</strong></span> <span class='ocrx_word' id='word_1_116' title='bbox 714 2069 809 2108; x_wconf 90' lang='lat' dir='ltr'><strong>rursus</strong></span> <span class='ocrx_word' id='word_1_117' title='bbox 825 2050 862 2108; x_wconf 88' lang='lat' dir='ltr'><strong>ab</strong></span> <span class='ocrx_word' id='word_1_118' title='bbox 876 2051 936 2109; x_wconf 88' lang='lat' dir='ltr'><strong>alto</strong></span> 
     </span>
    </p>

    <p class='ocr_par' dir='ltr' id='par_1_12' title="bbox 192 2147 1112 2322">
     <span class='ocr_line' id='line_1_19' title="bbox 192 2147 1112 2224; baseline -0.003 -17"><span class='ocrx_word' id='word_1_119' title='bbox 192 2167 297 2224; x_wconf 88' lang='lat' dir='ltr'><strong>aggere</strong></span> <span class='ocrx_word' id='word_1_120' title='bbox 312 2148 420 2206; x_wconf 88' lang='lat' dir='ltr'><strong>deiecit</strong></span> <span class='ocrx_word' id='word_1_121' title='bbox 432 2149 537 2223; x_wconf 91' lang='lat' dir='ltr'><strong>pelagi,</strong></span> <span class='ocrx_word' id='word_1_122' title='bbox 553 2147 606 2206; x_wconf 90' lang='lat' dir='ltr'><strong>sed</strong></span> <span class='ocrx_word' id='word_1_123' title='bbox 621 2148 736 2223; x_wconf 87' lang='lat' dir='ltr'><strong>pertulit</strong></span> <span class='ocrx_word' id='word_1_124' title='bbox 751 2147 839 2219; x_wconf 90' lang='lat' dir='ltr'><strong>unda,</strong></span> <span class='ocrx_word' id='word_1_125' title='bbox 1066 2158 1112 2205; x_wconf 79' lang='lat'><strong>130</strong></span> 
     </span>
     <span class='ocr_line' id='line_1_20' title="bbox 192 2245 910 2322; baseline -0.001 -17"><span class='ocrx_word' id='word_1_126' title='bbox 192 2248 394 2322; x_wconf 89' lang='lat' dir='ltr'><strong>scruposisque</strong></span> <span class='ocrx_word' id='word_1_127' title='bbox 409 2257 531 2322; x_wconf 89' lang='lat' dir='ltr'><strong>angusta</strong></span> <span class='ocrx_word' id='word_1_128' title='bbox 545 2255 650 2303; x_wconf 91' lang='lat' dir='ltr'><strong>vacant</strong></span> <span class='ocrx_word' id='word_1_129' title='bbox 664 2246 714 2303; x_wconf 94' lang='lat' dir='ltr'><strong>ubi</strong></span> <span class='ocrx_word' id='word_1_130' title='bbox 728 2247 811 2303; x_wconf 89' lang='lat' dir='ltr'><strong>litora</strong></span> <span class='ocrx_word' id='word_1_131' title='bbox 825 2245 910 2317; x_wconf 79' lang='lat' dir='ltr'><strong>saxiS,</strong></span> 
     </span>
    </p>

    <p class='ocr_par' dir='ltr' id='par_1_13' title="bbox 192 2344 926 2520">
     <span class='ocr_line' id='line_1_21' title="bbox 192 2344 926 2421; baseline -0.001 -18"><span class='ocrx_word' id='word_1_132' title='bbox 192 2347 331 2421; x_wconf 89' lang='lat' dir='ltr'><strong>imposuit</strong></span> <span class='ocrx_word' id='word_1_133' title='bbox 344 2356 445 2403; x_wconf 89' lang='lat' dir='ltr'><strong>terrae.</strong></span> <span class='ocrx_word' id='word_1_134' title='bbox 489 2346 598 2403; x_wconf 88' lang='lat' dir='ltr'><strong>Pariter</strong></span> <span class='ocrx_word' id='word_1_135' title='bbox 611 2353 654 2402; x_wconf 90' lang='lat' dir='ltr'><strong>tot</strong></span> <span class='ocrx_word' id='word_1_136' title='bbox 668 2362 766 2419; x_wconf 90' lang='lat' dir='ltr'><strong>regna,</strong></span> <span class='ocrx_word' id='word_1_137' title='bbox 781 2353 825 2401; x_wconf 86' lang='lat' dir='ltr'><strong>tot</strong></span> <span class='ocrx_word' id='word_1_138' title='bbox 838 2344 926 2402; x_wconf 87' lang='lat' dir='ltr'><strong>urbes</strong></span> 
     </span>
     <span class='ocr_line' id='line_1_22' title="bbox 192 2441 854 2520; baseline -0.002 -19"><span class='ocrx_word' id='word_1_139' title='bbox 192 2444 394 2520; x_wconf 84' lang='lat' dir='ltr'><strong>fortunamque</strong></span> <span class='ocrx_word' id='word_1_140' title='bbox 410 2462 501 2516; x_wconf 87' lang='lat' dir='ltr'><strong>suarn,</strong></span> <span class='ocrx_word' id='word_1_141' title='bbox 516 2453 595 2519; x_wconf 86' lang='lat' dir='ltr'><strong>tacta</strong></span> <span class='ocrx_word' id='word_1_142' title='bbox 609 2443 719 2514; x_wconf 88' lang='lat' dir='ltr'><strong>tellure,</strong></span> <span class='ocrx_word' id='word_1_143' title='bbox 733 2441 854 2517; x_wconf 89' lang='lat' dir='ltr'><strong>recepit.</strong></span> 
     </span>
    </p>
   </div>
   <div class='ocr_carea' id='block_1_3' title="bbox 570 2714 708 2742">
    <p class='ocr_par' dir='ltr' id='par_1_14' title="bbox 570 2714 708 2742">
     <span class='ocr_line' id='line_1_23' title="bbox 570 2714 708 2742; baseline 0 0"><span class='ocrx_word' id='word_1_144' title='bbox 570 2714 708 2742; x_wconf 57' lang='grc' dir='ltr'><strong>-ΦΟΡ-</strong></span> 
     </span>
    </p>
   </div>
   <div class='ocr_carea' id='block_1_4' title="bbox 502 2932 768 2985">
    <p class='ocr_par' dir='ltr' id='par_1_15' title="bbox 502 2932 768 2985">
     <span class='ocr_line' id='line_1_24' title="bbox 502 2932 768 2985; baseline -0.004 0"><span class='ocrx_word' id='word_1_145' title='bbox 502 2935 609 2985; x_wconf 89' lang='lat' dir='ltr'><strong>LIBER</strong></span> <span class='ocrx_word' id='word_1_146' title='bbox 629 2932 768 2984; x_wconf 88' lang='lat' dir='ltr'><strong>SEXTUS.</strong></span> 
     </span>
    </p>
   </div>
   <div class='ocr_carea' id='block_1_5' title="bbox 581 3079 699 3146">
    <p class='ocr_par' dir='ltr' id='par_1_16' title="bbox 581 3079 699 3146">
     <span class='ocr_line' id='line_1_25' title="bbox 581 3079 699 3146; baseline -0.017 -16"><span class='ocrx_word' id='word_1_147' title='bbox 581 3079 699 3146; x_wconf 50' lang='lat'><strong>775321.</strong></span> 
     </span>
    </p>
   </div>
   <div class='ocr_carea' id='block_1_6' title="bbox 194 3226 1107 3784">
    <p class='ocr_par' dir='ltr' id='par_1_17' title="bbox 194 3226 1053 3395">
     <span class='ocr_line' id='line_1_26' title="bbox 194 3226 1053 3302; baseline 0.002 -17"><span class='ocrx_word' id='word_1_148' title='bbox 194 3229 325 3285; x_wconf 75' lang='lat' dir='ltr'><strong>Annium</strong></span> <span class='ocrx_word' id='word_1_149' title='bbox 339 3236 368 3285; x_wconf 93' lang='lat' dir='ltr'><strong>et</strong></span> <span class='ocrx_word' id='word_1_150' title='bbox 382 3245 509 3299; x_wconf 88' lang='lat' dir='ltr'><strong>carmen,</strong></span> <span class='ocrx_word' id='word_1_151' title='bbox 526 3246 594 3302; x_wconf 89' lang='lat' dir='ltr'><strong>quo,</strong></span> <span class='ocrx_word' id='word_1_152' title='bbox 610 3226 755 3301; x_wconf 91' lang='lat' dir='ltr'><strong>quidquid</strong></span> <span class='ocrx_word' id='word_1_153' title='bbox 769 3227 902 3298; x_wconf 88' lang='lat' dir='ltr'><strong>consulit,</strong></span> <span class='ocrx_word' id='word_1_154' title='bbox 917 3228 1053 3288; x_wconf 88' lang='lat' dir='ltr'><strong>umbram</strong></span> 
     </span>
     <span class='ocr_line' id='line_1_27' title="bbox 194 3322 970 3395; baseline -0.001 -14"><span class='ocrx_word' id='word_1_155' title='bbox 194 3324 267 3381; x_wconf 88' lang='lat' dir='ltr'><strong>scire</strong></span> <span class='ocrx_word' id='word_1_156' title='bbox 283 3323 373 3382; x_wconf 92' lang='lat' dir='ltr'><strong>dedit.</strong></span> <span class='ocrx_word' id='word_1_157' title='bbox 417 3325 575 3392; x_wconf 88' lang='lat' dir='ltr'><strong>Moestum,</strong></span> <span class='ocrx_word' id='word_1_158' title='bbox 591 3322 659 3381; x_wconf 87' lang='lat' dir='ltr'><strong>fletu</strong></span> <span class='ocrx_word' id='word_1_159' title='bbox 674 3333 820 3395; x_wconf 87' lang='lat' dir='ltr'><strong>manante,</strong></span> <span class='ocrx_word' id='word_1_160' title='bbox 837 3323 970 3395; x_wconf 88' lang='lat' dir='ltr'><strong>cadaver,</strong></span> 
     </span>
    </p>

    <p class='ocr_par' dir='ltr' id='par_1_18' title="bbox 195 3419 943 3495">
     <span class='ocr_line' id='line_1_28' title="bbox 195 3419 943 3495; baseline -0.001 -18"><span class='ocrx_word' id='word_1_161' title='bbox 195 3421 292 3478; x_wconf 87' lang='lat' dir='ltr'><strong>‘trista</strong></span> <span class='ocrx_word' id='word_1_162' title='bbox 305 3439 365 3478; x_wconf 92' lang='lat' dir='ltr'><strong>non</strong></span> <span class='ocrx_word' id='word_1_163' title='bbox 380 3420 518 3495; x_wconf 91' lang='lat' dir='ltr'><strong>equidem</strong></span> <span class='ocrx_word' id='word_1_164' title='bbox 534 3421 689 3477; x_wconf 87' lang='lat' dir='ltr'><strong>Parcarum</strong></span> <span class='ocrx_word' id='word_1_165' title='bbox 704 3420 846 3489; x_wconf 84' lang='lat' dir='ltr'><strong>stamina,&#39;</strong></span> <span class='ocrx_word' id='word_1_166' title='bbox 862 3419 943 3490; x_wconf 88' lang='lat' dir='ltr'><strong>dixit,</strong></span> 
     </span>
    </p>

    <p class='ocr_par' dir='ltr' id='par_1_19' title="bbox 195 3517 904 3592">
     <span class='ocr_line' id='line_1_29' title="bbox 195 3517 904 3592; baseline 0 -18"><span class='ocrx_word' id='word_1_167' title='bbox 195 3518 334 3591; x_wconf 70' lang='lat' dir='ltr'><strong>‘respexi</strong></span> <span class='ocrx_word' id='word_1_168' title='bbox 349 3519 454 3574; x_wconf 88' lang='lat' dir='ltr'><strong>tacitae</strong></span> <span class='ocrx_word' id='word_1_169' title='bbox 469 3527 622 3574; x_wconf 90' lang='lat' dir='ltr'><strong>revocatus</strong></span> <span class='ocrx_word' id='word_1_170' title='bbox 636 3517 673 3574; x_wconf 91' lang='lat' dir='ltr'><strong>ab</strong></span> <span class='ocrx_word' id='word_1_171' title='bbox 687 3535 792 3592; x_wconf 91' lang='lat' dir='ltr'><strong>aggere</strong></span> <span class='ocrx_word' id='word_1_172' title='bbox 806 3517 904 3590; x_wconf 89' lang='lat' dir='ltr'><strong>ripae:</strong></span> 
     </span>
    </p>

    <p class='ocr_par' dir='ltr' id='par_1_20' title="bbox 194 3612 1107 3784">
     <span class='ocr_line' id='line_1_30' title="bbox 194 3612 1107 3688; baseline 0 -18"><span class='ocrx_word' id='word_1_173' title='bbox 194 3612 276 3687; x_wconf 94' lang='lat' dir='ltr'><strong>quod</strong></span> <span class='ocrx_word' id='word_1_174' title='bbox 290 3623 388 3670; x_wconf 89' lang='lat' dir='ltr'><strong>tamen</strong></span> <span class='ocrx_word' id='word_1_175' title='bbox 403 3631 419 3670; x_wconf 96' lang='lat' dir='ltr'><strong>e</strong></span> <span class='ocrx_word' id='word_1_176' title='bbox 434 3614 547 3671; x_wconf 87' lang='lat' dir='ltr'><strong>cunctis</strong></span> <span class='ocrx_word' id='word_1_177' title='bbox 561 3612 632 3669; x_wconf 88' lang='lat' dir='ltr'><strong>mihi</strong></span> <span class='ocrx_word' id='word_1_178' title='bbox 646 3631 769 3670; x_wconf 91' lang='lat' dir='ltr'><strong>noscere</strong></span> <span class='ocrx_word' id='word_1_179' title='bbox 784 3613 906 3688; x_wconf 91' lang='lat' dir='ltr'><strong>contigit</strong></span> <span class='ocrx_word' id='word_1_180' title='bbox 920 3612 1040 3687; x_wconf 83' lang='lat' dir='ltr'><strong>umbris,</strong></span> <span class='ocrx_word' id='word_1_181' title='bbox 1093 3620 1107 3670; x_wconf 83' lang='grc'><strong>5</strong></span> 
     </span>
     <span class='ocr_line' id='line_1_31' title="bbox 194 3708 833 3784; baseline 0.002 -18"><span class='ocrx_word' id='word_1_182' title='bbox 194 3709 281 3766; x_wconf 84' lang='lat' dir='ltr'><strong>effera</strong></span> <span class='ocrx_word' id='word_1_183' title='bbox 295 3710 446 3767; x_wconf 90' lang='lat' dir='ltr'><strong>Romanos</strong></span> <span class='ocrx_word' id='word_1_184' title='bbox 460 3710 549 3784; x_wconf 87' lang='lat' dir='ltr'><strong>agitat</strong></span> <span class='ocrx_word' id='word_1_185' title='bbox 563 3708 710 3767; x_wconf 91' lang='lat' dir='ltr'><strong>discordia</strong></span> <span class='ocrx_word' id='word_1_186' title='bbox 724 3728 833 3780; x_wconf 92' lang='lat' dir='ltr'><strong>manes,</strong></span> 
     </span>
    </p>
   </div>
   <div class='ocr_carea' id='block_1_7' title="bbox 194 3805 899 3887">
    <p class='ocr_par' dir='ltr' id='par_1_21' title="bbox 194 3805 899 3887">
     <span class='ocr_line' id='line_1_32' title="bbox 194 3805 899 3887; baseline -0.001 -24"><span class='ocrx_word' id='word_1_187' title='bbox 194 3805 340 3884; x_wconf 88' lang='lat' dir='ltr'><strong>impiaque</strong></span> <span class='ocrx_word' id='word_1_188' title='bbox 354 3805 497 3869; x_wconf 83' lang='lat' dir='ltr'><strong>infernam</strong></span> <span class='ocrx_word' id='word_1_189' title='bbox 511 3814 651 3887; x_wconf 82' lang='lat' dir='ltr'><strong>ruperunt</strong></span> <span class='ocrx_word' id='word_1_190' title='bbox 665 3823 746 3868; x_wconf 86' lang='lat' dir='ltr'><strong>arma</strong></span> <span class='ocrx_word' id='word_1_191' title='bbox 758 3805 899 3880; x_wconf 78' lang='lat' dir='ltr'><strong>quietern.</strong></span> 
     </span>
    </p>
   </div>
   <div class='ocr_carea' id='block_1_8' title="bbox 0 0 1296 4230">
    <p class='ocr_par' dir='ltr' id='par_1_22' title="bbox 0 0 1296 4230">
     <span class='ocr_line' id='line_1_33' title="bbox 0 0 1296 4230; baseline 0 0"><span class='ocrx_word' id='word_1_192' title='bbox 0 0 1296 4230; x_wconf 95' lang='lat' dir='ltr'><strong> </strong></span> 
     </span>
    </p>
   </div>
  </div>
 </body>
</html>
