2558 4230
116 377 158 437 80
469 373 640 456 Propertii
661 372 808 457 Elegiae.

92 583 105 622 t
195 557 318 618 eductos
332 577 417 634 pares
431 559 552 617 silvestri
566 577 603 617 ex
617 559 706 618 ubere
720 577 813 635 reges,

102 645 104 665 ³
235 666 348 715 crescet
362 667 392 714 et
406 656 555 731 ingenium
570 657 624 714 sub
639 667 688 714 tua
701 658 778 714 iussa
792 676 900 728 meum,

194 773 355 832 prosequar
369 764 399 812 et
413 773 512 811 currus
526 764 650 829 utroque
665 755 702 813 ab
717 755 799 812 litore
813 763 945 827 ovanteS,

236 852 407 910 Parthorum
423 861 533 909 astutae
549 853 607 909 tela
620 853 741 909 remissa
754 852 849 926 fugae,

194 959 345 1024 castraque
362 950 457 1007 Pelusi
473 951 610 1007 Romano
625 950 744 1007 subruta
757 950 841 1022 seno,
1114 948 1162 1006 (55)

233 1047 400 1121 Antonique
415 1065 516 1121 graves
531 1046 561 1104 in
575 1065 628 1104 sua
641 1047 700 1104 sata
714 1066 826 1106 manus.

194 1145 293 1203 Mollis
307 1154 339 1202 tu
353 1155 478 1219 coeptae
493 1145 588 1202 fautor
602 1162 676 1220 cape
691 1145 752 1202 lora
766 1145 910 1217 iuventae,
1082 1156 1109 1201 55

234 1240 410 1316 dexteraque
425 1242 551 1300 inmissis
566 1241 605 1299 da
619 1241 690 1299 mihi
704 1242 787 1316 sigua
800 1242 879 1299 rotis.

195 1339 267 1396 Hoc
280 1338 360 1409 mihi,
377 1340 545 1409 Maecenas,
560 1338 652 1396 laudis
667 1338 817 1410 concedis,
833 1348 862 1396 et
876 1357 895 1396 a
908 1347 937 1398 te
953 1348 1007 1414 est,

233 1435 314 1511 quod
328 1435 401 1493 ferar
414 1436 444 1493 in
459 1445 555 1510 partes
569 1435 632 1511 ipse
646 1434 733 1494 luisse
748 1444 821 1495 tuas.
1113 1434 1161 1494 (⁶0)

520 1679 572 1735 XI.
620 1677 672 1754 (iv.
692 1678 751 1754 12.)

193 1827 341 1897 Postume,
356 1825 519 1900 plorantem
535 1826 653 1900 potuisti
668 1827 798 1901 linquere
813 1827 937 1900 Gallam,

232 1922 314 1979 miles
329 1932 358 1979 et
372 1923 494 1996 Augusti
508 1923 593 1980 fortia
606 1924 689 1998 signa
703 1924 807 1999 sequi?

190 2017 316 2078 Tantine
331 2018 389 2075 ulla
402 2018 455 2076 suit
469 2018 584 2094 spoliati
598 2019 689 2094 gloria
704 2020 810 2092 Parthi,

232 2135 269 2173 ne
284 2116 394 2173 faceres
409 2117 494 2175 Galla
508 2116 599 2174 multa
611 2127 731 2191 rogante
746 2118 817 2175 tua?

192 2212 277 2272 Silas
292 2223 344 2284 est,
359 2231 463 2271 omnes
478 2212 584 2288 pariter
596 2214 722 2288 pereatis
736 2215 823 2287 avari,

231 2320 261 2368 et
275 2310 404 2385 quisquis
419 2309 480 2367 fido
495 2311 629 2385 praetulit
643 2328 723 2369 arma
736 2320 800 2370 toro
816 2315 823 2371 l

189 2407 237 2466 Tu
251 2417 350 2465 tamen
365 2407 472 2464 iniecta
485 2417 588 2478 tectuS,
604 2425 719 2480 vesane,
734 2409 851 2467 lacerna

231 2505 345 2579 potabis
359 2504 443 2579 galea
457 2503 548 2561 fessus
563 2505 664 2562 Araxis
678 2507 793 2580 aquam.

191 2601 245 2659 Illa
258 2600 379 2675 quidem
393 2601 505 2659 interea
518 2601 596 2658 fama
608 2601 740 2660 tabescet
753 2602 842 2674 inani,

231 2697 305 2756 haec
320 2707 369 2755 tua
383 2716 420 2755 ne
434 2698 523 2756 virtus
537 2697 588 2755 fiat
601 2717 700 2756 amara
713 2700 774 2771 tibi,

189 2813 264 2853 neve
279 2804 330 2853 tua
344 2795 453 2852 Medae
468 2795 611 2853 laetentur
626 2795 718 2853 caede
734 2797 864 2870 sagittae,

231 2893 338 2949 feneus
353 2902 452 2949 aurato
467 2911 526 2949 neu
541 2891 744 2966 cataphractus
759 2910 846 2967 equ0,

189 3006 264 3046 neve
278 2987 387 3062 aliquid
403 2987 440 3045 de
455 2997 484 3046 te
499 2987 630 3046 flendum
643 2988 782 3046 reseratur
795 2989 826 3046 iu
839 3007 931 3048 urna:

230 3085 272 3142 sie
286 3083 418 3154 redeunt,
434 3085 487 3142 illis
502 3085 553 3159 qui
568 3084 703 3142 cecidere
718 3085 799 3144 locis.

188 3182 248 3239 Ter
261 3191 363 3256 quater
376 3182 406 3238 in
422 3191 502 3238 casta
515 3181 583 3238 felix
597 3199 615 3238 o
632 3184 769 3239 Postume
784 3181 878 3255 Galla,

229 3279 358 3336 moribus
373 3277 416 3334 his
431 3278 487 3334 alia
503 3277 627 3351 coniuge
643 3277 747 3352 dignus
762 3295 834 3337 erae.

190 3374 271 3453 Quid
286 3374 372 3431 faciet
386 3375 466 3431 nullo
481 3375 592 3431 munita
606 3375 703 3449 puella
716 3376 829 3446 timore,

230 3490 298 3529 cum
313 3471 349 3529 sit
362 3471 490 3529 luxuriae
507 3473 604 3529 Roma
618 3473 754 3547 magistra
767 3474 859 3530 suae?

189 3568 248 3629 Sed
262 3587 380 3629 securus
395 3587 462 3627 eas:
486 3569 600 3628 Gallam
613 3587 675 3626 non
688 3588 810 3628 munera
822 3570 950 3644 vincent,

229 3666 410 3740 duritiaeque
424 3676 491 3724 tuae
506 3684 566 3723 non
581 3665 634 3724 erit
647 3666 694 3724 illa
708 3684 830 3725 memor.
1076 3679 1107 3712 ²0

188 3764 268 3824 Nam
281 3781 469 3838 quocumque
484 3762 533 3821 die
547 3763 657 3821 salvum
672 3772 700 3821 te
715 3763 773 3821 sata
786 3764 944 3838 remittent,

217 3858 368 3940 pendebit
381 3858 459 3921 collo
474 3858 560 3922 Galla
572 3858 684 3938 pudica
694 3868 760 3920 tuo.
