2558 4230
432 320 534 387 Liber
562 319 685 385 Nonus.

113 511 313 588 Pompeianus
327 517 398 569 erat.
440 507 564 569 Patriam
579 516 674 565 tutore
689 514 839 563 carentem

112 609 240 685 excepit,
255 606 359 684 populi
372 605 546 682 trepidantia
560 605 693 663 membra
706 602 818 672 refovit,

112 709 225 785 ignavis
239 704 376 764 manibus
388 705 535 780 proiectos
549 700 680 759 reddidit
693 716 798 757 enses:

112 826 171 866 nec
184 823 307 883 regnum
321 803 444 878 cupiens
459 800 548 876 gessit
562 800 656 858 civilia
670 799 755 870 bella,

111 923 171 963 nec
185 904 291 963 servire
305 902 421 960 timens.
464 899 514 958 Nil
528 916 617 956 causa
630 898 699 956 fecit
710 898 739 955 in
754 895 841 955 anuis

111 1004 177 1079 ipse
190 1022 261 1062 sua:
283 1012 363 1061 totae
377 1008 444 1076 post
461 999 564 1074 Magni
578 999 679 1056 funera
693 1008 788 1072 partes

111 1100 252 1159 libertatis
266 1109 366 1159 erant:
389 1118 462 1175 quas
477 1117 515 1157 ne
530 1116 584 1174 per
597 1096 681 1154 litora
695 1095 772 1151 fusas

112 1198 262 1272 colligeret
276 1197 380 1273 rapido
393 1198 514 1257 victoria
528 1196 661 1256 Caesaris
675 1204 752 1264 actu,

113 1296 261 1370 Corcyrae
276 1308 388 1354 secreta
400 1297 483 1370 petit,
499 1313 534 1352 ac
549 1295 627 1352 mille
643 1291 747 1349 carinis

112 1393 231 1453 abstulit
246 1393 400 1450 Emathiae
415 1411 516 1450 secum
531 1392 692 1468 fragmenta
707 1389 816 1446 ruinae.

114 1489 189 1563 Quis
203 1490 311 1548 ratibus
327 1490 412 1548 tantis
427 1490 566 1565 fugientia
580 1488 713 1546 crederet
728 1486 767 1543 ire

113 1587 254 1662 agmina?
273 1587 338 1662 quis
352 1587 471 1663 pelagus
485 1587 575 1644 victas
589 1596 715 1643 arctasse
731 1582 864 1641 carinas?
999 1589 1029 1637 35

415 1829 541 1885 109-140.
583 1813 711 1879 167-217.

115 1957 163 2016 Sic
179 1957 228 2016 ubi
244 1957 311 2029 fata,
326 1966 416 2032 caput
429 1955 509 2014 ferali
523 1954 647 2014 obduxit
661 1955 780 2027 amictu,

115 2053 304 2130 decrevitque
319 2055 379 2131 pati
394 2054 538 2125 tenebras,
554 2054 719 2129 puppisque
735 2054 866 2113 cavernis

116 2150 247 2211 delituit:
271 2169 448 2226 saevumque
463 2162 542 2209 arcte
558 2152 712 2226 complexa
729 2151 860 2210 dolorem

116 2250 271 2324 perfruitur
283 2250 417 2320 lacrimis,
433 2258 463 2306 et
477 2258 555 2306 amat
570 2267 623 2323 pro
639 2251 765 2326 coniuge
780 2251 900 2310 luctum.

118 2347 201 2404 Illam
216 2365 276 2404 non
290 2346 394 2404 fluctus
409 2346 591 2421 stridensque
607 2347 778 2406 rudentibus
794 2350 887 2406 Eurus
1014 2357 1028 2404 5

117 2445 216 2515 movit,
231 2454 261 2502 et
275 2462 433 2518 exsurgens
447 2443 486 2501 ad
501 2463 616 2502 summa
630 2446 758 2519 pericula
774 2447 901 2504 clamor:

117 2551 242 2616 votaque
257 2542 385 2599 sollicitis
399 2542 509 2599 faciens
525 2543 669 2600 contraria
684 2545 787 2614 nautis,

119 2639 282 2714 composita
296 2638 325 2696 in
341 2649 465 2696 mortem
481 2639 577 2710 iacuit,
593 2640 720 2715 favitque
735 2643 877 2716 procellis.

158 2737 254 2794 Prima
267 2748 358 2793 ratem
373 2736 487 2811 Cypros
502 2739 704 2811 spumantibus
719 2739 825 2814 accipit
840 2739 945 2798 undis:

119 2833 186 2891 inde
200 2843 305 2891 tenens
320 2833 449 2908 pelagus,
464 2832 518 2891 sed
534 2835 590 2892 iarn
606 2835 791 2908 moderatior,
808 2838 902 2895 Eurus
1002 2845 1030 2878 10

120 2930 147 2987 in
163 2929 286 3006 Libycas
302 2931 360 3006 egit
374 2930 469 3002 sedes,
486 2942 515 2990 et
530 2943 623 2991 castra
637 2934 767 2993 Catonis.

120 3028 227 3098 Tristis,
242 3038 274 3086 ut
288 3028 318 3086 in
333 3029 424 3087 urulto
438 3048 522 3088 mens
538 3040 582 3088 est
596 3049 736 3105 praesaga
749 3032 862 3104 timore,

121 3123 251 3200 adspexit
265 3126 374 3201 patrios
388 3127 512 3186 comites
527 3146 544 3186 e
560 3129 643 3186 litore
660 3130 794 3203 Magnus,

122 3231 149 3279 et
161 3222 296 3280 fratrem:
318 3223 432 3282 medias
447 3242 588 3301 praeceps
605 3237 674 3285 tunc
690 3226 777 3284 fertur
791 3225 828 3284 ad
843 3225 955 3285 undas:

122 3319 194 3376 ‘Dic
209 3319 318 3391 ubisit,
333 3338 481 3396 germane,
497 3341 620 3397 parens:
643 3333 698 3381 stat
713 3343 826 3381 summa
841 3335 987 3398 caputque
1004 3343 1030 3390 15

121 3417 205 3487 orbis,
221 3435 258 3474 an
274 3418 460 3477 occidimus?
481 3421 675 3495 Romanaque
691 3423 818 3496 Magnus
833 3420 870 3478 ad
885 3422 1001 3480 umbras

118 3514 272 3573 abstulitl’
316 3517 402 3575 Haec
417 3517 508 3576 fatur:
530 3536 619 3593 quem
634 3530 736 3577 contra
750 3519 817 3577 talia
831 3518 934 3576 frater:

119 3611 165 3671 ‘O
179 3613 257 3684 felix,
272 3631 362 3688 quern
377 3615 448 3673 Fors
464 3615 532 3674 alias
547 3615 681 3690 dispersit
695 3616 723 3673 in
738 3635 812 3687 oras,

115 3709 227 3784 quique
242 3710 324 3769 nefas
337 3710 440 3770 audis:
462 3712 573 3782 oculos,
589 3730 735 3788 germane,
751 3721 892 3771 nocentes

113 3818 252 3884 spectato
264 3810 397 3885 genitore
410 3811 480 3872 fero.
523 3813 595 3873 Non
610 3812 746 3875 Caesaris
761 3814 851 3875 armis
1009 3821 1043 3857 Ὦ
