2558 4230
826 695 836 723 l

294 869 334 945 Ρ.
376 869 609 944 OVIDIUS
655 871 816 946 NASO.

482 1087 620 1114 -οοο-

541 1251 566 1311 1.

301 1425 493 1478 HEROIDES.
527 1427 697 1479 EPISTULA
718 1428 795 1479 XIII.

209 1590 332 1662 ΙΊἼῚΤ,
347 1600 376 1649 et
390 1601 473 1666 optat
487 1609 597 1664 amans,
613 1611 673 1667 quo
687 1592 816 1665 mittitur,
830 1593 871 1651 ire
885 1592 1018 1663 salutem,

250 1689 416 1746 Haemonis
431 1690 602 1747 Haemonio
618 1689 779 1748 Laodamia
792 1691 863 1748 viro.

111 1784 208 1844 Aulide
223 1794 252 1843 te
268 1786 346 1842 fama
360 1794 404 1843 est
417 1796 506 1844 vento
521 1787 664 1844 retinente
679 1788 803 1845 morari:

145 1887 180 1941 a!
201 1900 250 1940 me
266 1901 335 1940 cum
348 1881 472 1958 lugeres,
487 1883 535 1941 hic
549 1884 600 1942 ubi
615 1894 718 1941 ventus
732 1884 815 1942 erat?

110 1980 180 2038 Tum
193 1982 268 2038 freta
282 1980 445 2039 debuerant
458 1981 559 2039 vestris
574 1981 715 2039 obsistere
728 1982 825 2040 remis.
1004 1990 1020 2039 5

146 2077 222 2137 Illud
236 2087 298 2136 erat
312 2078 405 2135 saevis
419 2079 487 2136 utile
502 2087 618 2153 tempus
632 2080 723 2154 aquis.

111 2175 214 2236 Oscula
227 2176 310 2251 plura
322 2176 383 2233 viro
398 2175 594 2250 mandataque
608 2177 691 2252 plura
704 2176 871 2237 dedissem:

145 2283 174 2331 et
188 2284 256 2332 sunt
270 2291 346 2349 quae
360 2272 438 2330 volui
453 2271 551 2330 dicere
566 2275 657 2332 multa
671 2275 731 2333 tibi.

111 2369 220 2447 Raptus
234 2389 265 2428 es
281 2370 350 2428 hinc
365 2388 515 2445 praeceps,
532 2381 562 2428 et
577 2373 626 2446 qui
641 2382 691 2430 tua
704 2373 769 2430 vela
782 2382 909 2446 vocaret,

146 2486 234 2544 quem
249 2477 393 2543 cuperent
406 2478 522 2540 nautae,
537 2487 598 2526 non
613 2487 678 2544 eg0,
693 2480 795 2527 ventus
811 2480 881 2528 erat.
991 2477 1021 2513 ¹⁰

110 2564 216 2623 Ventus
232 2575 292 2623 erat
306 2567 401 2623 nautis
415 2575 508 2640 aptus,
523 2584 584 2624 non
599 2576 683 2642 aptus
697 2568 824 2624 amanti:

146 2663 242 2720 solvor
255 2663 292 2721 ab
306 2662 452 2737 amplexu,
470 2663 634 2734 Protesilae,
650 2673 711 2734 tuo,

110 2758 262 2836 linguaque
276 2759 442 2817 mandantis
458 2760 546 2818 verba
560 2761 721 2835 inperfecta
736 2761 868 2835 reliquit:

145 2857 193 2916 vix
207 2855 278 2914 illud
292 2857 375 2931 potui
389 2856 486 2914 dicere
502 2858 581 2915 triste
595 2858 669 2916 vale.

111 2952 245 3014 Incubuit
260 2955 377 3025 Boreas,
394 2955 572 3029 abreptaque
587 2956 652 3013 vela
665 2955 807 3014 tetendit:
994 2964 1022 3013 ¹⁵

146 3052 263 3126 iamque
277 3069 361 3109 meus
375 3052 462 3127 longe
478 3054 652 3110 Protesilaus
666 3063 735 3111 erat.

111 3147 187 3206 Dum
200 3148 284 3224 potui
298 3158 429 3223 spectare
443 3150 545 3223 virum,
561 3160 693 3226 spectare
708 3151 841 3210 iuvabat:

147 3263 270 3320 sumque
285 3254 350 3303 tuos
364 3247 466 3304 oculos
479 3265 572 3322 usque
586 3257 687 3305 secuta
700 3249 781 3306 meis.

111 3340 149 3402 Ut
161 3353 191 3401 te
205 3359 267 3400 non
281 3352 423 3418 poteram,
440 3352 573 3418 poteram
588 3353 638 3402 tua
650 3345 715 3402 vela
728 3344 836 3418 videre,

147 3439 209 3497 vela
225 3438 277 3497 diu
290 3440 384 3498 vultus
400 3439 551 3499 detinuere
566 3461 658 3500 meos.

112 3536 148 3594 At
159 3546 316 3612 postquam
330 3554 386 3595 nec
401 3547 439 3608 te,
454 3556 511 3595 nec
526 3539 589 3596 vela
603 3539 717 3614 fugacia
729 3539 799 3611 vidi,

149 3644 177 3693 et
191 3632 273 3710 quod
287 3643 461 3708 spectarem,
477 3635 516 3692 nil
530 3636 584 3693 nisi
599 3646 707 3711 pontus
721 3647 791 3708 erat,

113 3728 158 3789 lux
170 3747 291 3807 quoque
304 3739 404 3789 tecum
419 3732 498 3804 abiit,
513 3733 698 3811 tenebrisque
713 3733 855 3814 exanguis
868 3733 982 3797 obortis

145 3825 286 3885 succiduo
299 3825 383 3886 dicor
391 3830 590 3904 procubuisse
604 3853 697 3914 genu.

785 3967 827 4023 93
