2558 4230
460 318 591 382 Lucani
611 319 803 386 Pharsalia.

186 501 319 561 incubuit
332 503 426 577 silvas,
442 521 621 579 excussaque
636 505 762 565 nubibus
776 505 843 566 atris

186 599 315 674 fulgura:
338 619 399 658 non
413 601 476 659 ullis
492 602 626 660 frondem
641 604 845 679 praebentibus
859 603 945 678 auriS,

186 696 336 755 arboribus
351 716 419 755 suus
434 698 534 755 horror
549 699 632 756 inest.
674 701 752 757 Tum
765 701 889 776 plurima
902 701 991 778 nigris

186 793 313 852 fontibus
328 794 409 852 unda
423 795 511 866 eadit,
527 796 737 872 simulacraque
753 808 865 856 moesta
880 798 1004 858 deorum

187 900 247 947 arte
262 902 371 963 carent,
388 893 538 967 caesisque
554 903 652 952 extant
666 896 799 955 informia
812 900 931 959 truncis.

189 989 258 1064 Ipse
274 990 353 1061 situs,
370 993 506 1067 putrique
521 995 590 1052 facit
603 996 661 1054 iam
675 999 779 1057 robore
793 1000 885 1075 pallor

186 1087 324 1145 attonitos
336 1109 426 1148 :non
440 1093 561 1169 vulgatis
576 1109 687 1156 sacrata
700 1100 797 1175 figuris

188 1187 310 1245 numina
324 1189 365 1246 sic
380 1202 531 1253 metuunt:
554 1207 668 1256 tantum
682 1200 836 1258 terroribus
851 1200 942 1273 addit,

188 1310 262 1367 quos
277 1293 397 1351 timeant
411 1316 471 1354 non
486 1317 572 1356 nosse
587 1298 669 1357 deos.
712 1301 776 1358 Iam
790 1302 868 1358 sama
881 1301 993 1360 ferebat

186 1408 275 1466 saepe
291 1410 375 1450 cavas
391 1390 472 1452 motu
487 1406 579 1454 terrae
594 1398 704 1472 mugire
720 1417 867 1471 cavernas,

189 1502 219 1550 et
232 1495 460 1567 procumbentes
475 1497 578 1555 itemm
594 1517 767 1574 consurgere
782 1509 874 1573 taxos,

187 1600 218 1649 et
232 1611 291 1649 non
307 1593 433 1652 ardentis
448 1596 556 1671 fulgere
570 1595 708 1654 incendia
722 1597 818 1669 silvae,

188 1693 351 1768 roboraque
366 1696 515 1770 amplexos
531 1696 755 1754 circumfluxisse
770 1696 923 1755 dracones,

190 1794 260 1852 Non
275 1794 353 1851 illum
369 1795 447 1852 cultu
462 1796 564 1869 populi
578 1795 714 1869 propiore
730 1796 923 1869 frequentant,

190 1891 243 1950 sed
258 1911 372 1950 cessere
387 1892 459 1950 deis.
503 1892 606 1951 Medio
622 1911 690 1949 cum
706 1891 887 1950 Phoebus'in
901 1911 954 1950 axe
969 1902 1023 1966 est,

189 2000 239 2047 aut
253 1990 368 2047 coelum
383 2009 442 2047 nox
457 1999 517 2047 atra
529 1999 619 2060 tenet,
635 1999 721 2064 pavet
736 1989 797 2064 ipse
813 1989 950 2048 sacerdos

189 2106 332 2159 accessus
348 2087 558 2162 dominumque
573 2088 657 2144 timet
671 2086 852 2161 deprendere
867 2087 934 2146 luci.

229 2187 318 2242 Hanc
334 2185 414 2243 iubet
428 2186 556 2242 immisso
572 2185 671 2242 silvam
686 2184 879 2258 procumbere
894 2184 988 2243 ferro:

186 2301 256 2339 nam
270 2283 365 2340 vicina
381 2283 472 2357 operi,
486 2282 622 2356 belloque
637 2282 746 2339 intacta
759 2281 854 2356 priore

187 2380 260 2438 inter
275 2381 399 2438 nudatos
414 2381 507 2437 stabat
522 2379 694 2437 densissima
708 2389 832 2436 montes.

188 2477 246 2536 Sed
260 2479 347 2535 sortes
363 2487 505 2534 tremuere
521 2494 632 2546 manuS,
647 2476 779 2550 motique
792 2474 922 2534 verenda

186 2575 337 2631 maiestate
353 2574 418 2643 loci,
435 2574 459 2630 si
473 2574 579 2631 robora
592 2591 675 2630 sacra
688 2573 813 2644 ferirent,

186 2670 216 2728 in
230 2691 283 2728 sua
297 2670 458 2728 credebant
472 2670 613 2728 redituras
628 2671 760 2728 membra
773 2688 899 2730 secures.

187 2769 347 2842 Implicitas
362 2787 468 2842 magno
484 2769 591 2827 Caesar
604 2778 721 2842 torpore
736 2767 872 2826 cohortes

185 2874 218 2922 ut
231 2865 311 2935 vidit,
327 2866 436 2940 primus
450 2875 562 2940 raptam
577 2866 687 2923 vibrare
701 2865 861 2940 bipennem

187 2980 282 3033 ausus
298 2974 326 3021 et
341 2964 448 3020 aeriam
464 2964 539 3021 ferro
553 2962 741 3037 proscindere
756 2980 907 3037 quercum,

188 3059 298 3130 effatur,
314 3079 410 3117 merso
424 3060 529 3118 violata
543 3060 572 3116 in
587 3061 692 3117 robora
705 3059 798 3116 serro:

189 3158 270 3214 ‘Iam
285 3176 322 3214 ne
338 3158 402 3232 quis
416 3168 542 3214 vestmm
558 3157 671 3214 dubitet
686 3156 850 3214 subvertere
865 3156 975 3230 silvam,

186 3254 296 3312 credite
312 3273 359 3311 me
374 3255 477 3312 secisse
492 3256 591 3312 nefas!
633 3256 718 3311 Tunc
733 3255 827 3329 paruit
842 3255 938 3313 omnis

185 3353 313 3426 imperiis
327 3370 387 3410 non
402 3353 515 3409 sublato
530 3371 632 3410 secura
646 3370 753 3427 pavore

184 3451 276 3520 turba,
292 3449 344 3507 sed
360 3468 489 3524 expensa
502 3469 672 3524 superorum
687 3459 716 3507 et
731 3449 862 3508 Caesaris
877 3450 926 3509 ira.

186 3548 386 3605 Procumbunt
400 3547 472 3617 orni,
487 3546 601 3604 nodosa
615 3547 770 3621 impellitur
784 3547 849 3618 ilex,

186 3643 314 3717 silvaque
330 3644 482 3714 Dodones,
499 3654 528 3701 et
543 3644 676 3702 fiuctibus
692 3645 786 3719 aptior
799 3644 891 3718 alnus,

185 3750 215 3798 et
229 3759 289 3798 non
304 3741 434 3815 plebeios
448 3742 542 3799 luctus
558 3751 661 3799 testata
676 3760 836 3816 cupressus,

183 3845 246 3896 turn
257 3837 386 3914 primum
399 3855 524 3916 posuere
539 3856 651 3911 comas,
665 3847 696 3896 et
708 3837 812 3896 fronde
826 3848 959 3900 carentes
