2558 4230
458 317 590 385 Lucani
611 317 803 384 Pharsalia.

185 498 313 577 adquiris
327 502 406 575 nulli,
421 503 503 579 quod
517 505 575 564 iam
589 505 641 564 tibi
654 504 771 563 vincere
785 512 881 564 tutum
897 511 951 579 est,

186 599 263 657 bella
276 600 358 675 fugis,
373 603 545 677 quaerisque
561 603 659 679 iugum
675 603 788 660 cervice
802 611 936 675 vacante,

184 706 214 755 et
227 698 323 755 nescis
338 698 400 756 sine
414 716 482 774 rege
498 699 581 775 pati?
610 701 699 757 Nunc
715 717 817 758 caussa
829 698 933 775 pericli

183 794 273 871 digna
286 795 360 854 viris.
401 796 506 854 Vestro
519 797 615 872 potuit
630 797 788 871 Pompeius
801 797 882 856 abuti

183 894 322 969 sanguine
335 916 341 952 :
354 881 443 953 'nunc
458 895 566 970 patriae
581 895 693 969 iugulos
708 911 850 968 ensesque
865 892 990 970 negatis,
1074 914 1103 950 10

182 1011 251 1050 cum
266 1010 358 1068 prope
372 993 509 1052 libertas?
549 995 651 1053 Unum
668 995 795 1051 Fortuna
808 993 923 1068 reliquit

181 1094 240 1151 iam
253 1094 343 1152 tribus
358 1111 375 1151 e
390 1094 525 1152 dominia
568 1093 699 1151 Pudeat:
721 1092 785 1167 plus
798 1091 879 1166 regia
893 1089 954 1150 Nili

182 1193 304 1250 contulit
318 1193 349 1250 in
363 1192 450 1267 leges,
466 1201 495 1249 et
510 1190 607 1254 Parthi
622 1191 718 1249 militis
732 1209 825 1248 arcus.

183 1292 238 1363 Ite,
252 1310 271 1349 o
286 1291 456 1366 degeneres,
472 1290 632 1348 Ptolemaei
646 1308 752 1348 munus
766 1299 796 1346 et
810 1305 891 1346 arma

181 1391 317 1465 spernite.
360 1390 434 1465 Quis
448 1399 555 1448 vestras
570 1390 628 1448 ulla
644 1399 726 1464 putet
741 1407 804 1447 esse
819 1397 962 1448 nocentes
1073 1395 1101 1443 15

181 1486 274 1546 caede
289 1489 413 1546 manus?
453 1487 563 1548 Credet
577 1487 675 1545 faciles
690 1488 744 1545 sibi
759 1496 839 1562 terga
852 1485 981 1559 dedisse,

181 1585 282 1644 credet
296 1586 334 1644 ab
348 1585 490 1643 Emathiis
505 1585 614 1660 primos
629 1585 734 1659 fugisse
750 1583 899 1658 Philippis.

179 1682 286 1740 Vadite
300 1683 413 1741 securi:
435 1683 578 1741 meruistis
593 1681 689 1740 iudice
704 1683 793 1740 vitam

181 1780 316 1850 Caesare,
331 1798 392 1838 non
406 1781 502 1851 armis,
517 1797 578 1837 non
592 1779 746 1837 obsidione
761 1779 883 1839 subacti.

181 1878 209 1937 O
223 1877 321 1935 famuli
335 1887 443 1952 turpes,
458 1876 571 1935 domini
585 1888 653 1951 post
667 1876 725 1934 fata
738 1877 841 1951 prioris

179 1974 226 2032 itis
240 1974 278 2032 ad
293 1974 442 2032 heredem.
485 1974 546 2033 Cur
559 1992 620 2031 non
637 1974 746 2031 maiora
760 1975 873 2047 mereri,

179 2091 268 2148 quam
282 2073 371 2130 vitam
385 2072 558 2146 veniamque
573 2072 665 2129 libet?
705 2072 847 2148 Rapiatur
861 2073 892 2133 in
906 2071 1000 2132 undas

179 2170 278 2228 infelix
293 2169 394 2244 Magni
409 2169 525 2239 coniux,
540 2169 696 2244 prolesque
712 2170 842 2228 Metelli:

178 2266 277 2325 ducite
293 2268 468 2343 Pompeios:
492 2267 652 2325 Ptolemaei
665 2267 772 2326 vincite
787 2288 901 2328 munus.

179 2365 288 2422 Nostra
301 2383 419 2440 quoque
434 2365 527 2423 inviso
541 2365 670 2439 quisquis
685 2366 757 2423 feret
771 2384 822 2424 ora
835 2376 968 2442 tyranno,
1066 2375 1097 2424 25

178 2480 238 2520 non
253 2481 341 2537 parva
355 2462 492 2521 mercede
507 2462 597 2521 dabit.
639 2464 717 2522 Sciet
731 2463 785 2521 ista
798 2464 931 2523 iuventus

178 2560 298 2617 cervicis
313 2561 412 2634 precio
426 2561 503 2619 bene
517 2580 549 2618 se
564 2579 631 2618 mea
645 2561 727 2636 signa
741 2571 881 2621 secutam.

178 2657 259 2731 Quin
273 2658 358 2732 agite,
373 2668 402 2716 et
416 2676 522 2734 magna
536 2659 671 2716 meritum
686 2677 755 2716 cum
769 2658 861 2717 caede
876 2669 976 2735 parate
988 2682 996 2722 ε

177 2754 314 2830 ignavum
328 2756 423 2813 scelus
439 2765 481 2813 est
495 2764 609 2813 tantum
623 2755 709 2830 fuga'
753 2757 850 2816 Dixit:
874 2768 904 2817 et
918 2778 1023 2822 omnes

177 2851 256 2909 haud
270 2853 352 2910 aliter
365 2852 465 2910 medio
479 2853 625 2911 revocavit
638 2853 675 2911 ab
690 2871 818 2928 aequore
834 2874 959 2933 puppes,
1064 2869 1094 2916 3⁰

177 2967 264 3023 quam
280 2950 365 3007 simul
379 2949 479 3008 effetas
493 2949 627 3024 linquunt
642 2952 777 3009 examina
792 2972 882 3025 ceras,

177 3056 263 3119 atque
278 3047 368 3104 oblita
382 3047 438 3104 favi
451 3064 513 3104 non
527 3047 652 3105 miscent
666 3050 789 3108 nexibus
805 3051 873 3122 alas,

176 3142 229 3200 sed
243 3144 297 3201 sibi
312 3161 446 3218 quaeque
460 3143 546 3214 volat,
561 3163 617 3202 nec
633 3145 690 3203 iam
706 3146 840 3222 degustat
855 3167 986 3209 amarum

176 3239 324 3298 desidiosa
337 3241 488 3316 thymum:
512 3243 627 3319 Phrygii
643 3262 732 3303 sonus
748 3245 878 3320 increpat
893 3247 977 3320 aeris,

176 3338 315 3394 attonitae
330 3356 454 3412 posuere
468 3339 575 3415 fugam,
591 3340 780 3416 studiumque
795 3342 900 3401 laboris
1064 3351 1093 3402 35

176 3432 289 3491 floriferi
303 3445 448 3509 repetunt,
464 3446 493 3495 et
507 3438 599 3512 sparsi
614 3439 706 3496 mellis
722 3456 872 3498 amorem:

175 3529 283 3604 gaudet
297 3533 326 3590 in
343 3535 480 3609 Hyblaeo
494 3552 613 3593 securus
627 3536 756 3610 gramine
770 3545 870 3610 pastor

176 3625 289 3686 divitias
303 3648 431 3688 servasse
446 3649 549 3690 casae:
572 3631 615 3689 sic
628 3651 702 3690 voce
718 3633 839 3693 Catonis

175 3722 320 3784 inculcata
333 3725 398 3784 viris
413 3725 479 3786 iusti
492 3727 632 3803 patientia
647 3728 757 3788 Martis.
