2558 4230
447 334 501 397 De
522 335 651 399 Rerum
675 335 815 398 Natura.

207 517 260 577 sed
271 536 392 578 nemora
403 528 491 595 atque
503 538 590 578 cavos
602 520 708 578 montis
719 519 862 594 silvasque
873 518 1012 578 colebant
1037 539 1081 587 215
1094 527 1156 587 (955)

207 625 237 674 et
251 617 367 674 frutices
381 617 455 674 inter
469 616 638 676 condebant
651 616 783 692 squalida
796 616 929 675 membra

205 713 325 772 verbera
337 724 490 772 ventorum
504 715 593 772 vitare
608 716 763 789 imbrisque
778 714 883 772 coacti.

206 811 272 869 Nec
288 829 445 868 commune
461 811 571 869 bonum
586 821 721 887 poterant
735 820 868 887 spectare
882 829 979 886 neque
993 811 1059 870 ullis

205 908 333 965 moribus
348 909 422 965 inter
436 926 466 966 se
482 909 595 966 scibant
608 926 664 965 nec
680 908 791 983 legibus
806 909 856 967 uti.

205 1004 296 1078 Quod
312 1004 417 1079 cuique
432 1005 575 1063 obtulerat
590 1005 717 1080 praedae
732 1006 855 1077 fortuna,
870 1006 980 1064 ferebat
1030 1028 1076 1061 πω
1089 1013 1153 1074 (960)

204 1111 309 1176 sponte
324 1119 375 1158 sua
389 1101 443 1159 sibi
457 1102 580 1176 quisque
594 1103 688 1160 valere
703 1113 734 1160 et
746 1104 841 1161 vivere
856 1102 970 1162 doctus.

244 1299 283 1354 At
296 1315 357 1354 non
371 1297 461 1354 multa
474 1296 566 1354 vimm
581 1299 635 1356 sub
649 1298 736 1372 signis
750 1297 829 1355 milia
842 1296 932 1355 ducta

204 1412 264 1451 una
277 1393 340 1451 dies
355 1393 444 1452 dabat
458 1395 547 1452 exitio
562 1413 619 1453 nec
634 1394 749 1454 turbida
763 1395 846 1470 ponti
1074 1391 1151 1451 (1000)

203 1502 333 1560 aequora
346 1484 483 1560 fligebant
498 1487 578 1544 navis
594 1486 632 1544 ad
646 1504 716 1544 saxa
729 1487 873 1560 virosque.

204 1583 265 1640 Hic
279 1591 389 1640 temere
404 1583 550 1640 incassum
565 1584 667 1640 frustra
680 1601 759 1640 mare
768 1601 856 1658 saepe
868 1591 1003 1641 coortum
1031 1603 1076 1650 225

203 1680 331 1738 saevibat
345 1680 503 1754 leviterque
517 1681 610 1738 minas
625 1681 755 1755 ponebat
768 1681 870 1752 inaniS,

202 1796 259 1835 nec
273 1788 386 1852 poterat
401 1797 578 1853 quemquam
592 1778 699 1854 placidi
713 1778 836 1853 pellacia
848 1777 931 1853 ponti

202 1875 326 1932 subdola
339 1875 474 1949 pellicere
490 1876 519 1931 in
534 1875 666 1932 fraudem
680 1875 840 1933 ridentibus
854 1873 950 1946 undiS,
1071 1871 1149 1931 (0005)

203 1972 337 2046 improba
351 1973 480 2029 naucleri
494 1974 567 2030 ratio
583 1992 651 2030 curn
665 1992 756 2031 caeca
769 1973 893 2031 iacebat.

201 2071 277 2127 Tum
292 2071 414 2145 penuria
428 2070 536 2128 deinde
551 2072 609 2130 cibi
623 2072 790 2145 languentia
802 2070 861 2128 leto
1030 2082 1075 2128 030

201 2168 332 2225 membra
346 2166 443 2239 dabat,
458 2179 560 2226 contra
574 2186 652 2225 nunc
666 2187 762 2225 rerum
777 2168 863 2242 copia
876 2176 992 2226 mersat.

202 2264 248 2321 Illi
262 2264 461 2339 imprudentes
476 2266 530 2340 ipsi
546 2266 598 2323 sibi
614 2283 701 2340 saepe
717 2283 863 2323 venenum

200 2362 367 2435 vergebant,
383 2365 476 2420 numi
488 2382 567 2420 nunc
580 2362 652 2420 dant
666 2363 806 2420 sollertius
821 2361 886 2437 ipsi.
1071 2360 1148 2417 (1010)

242 2458 316 2516 Inde
332 2477 413 2517 casas
428 2470 585 2534 postquam
600 2478 635 2516 ac
649 2460 731 2534 pellis
746 2461 902 2535 ignemque
916 2469 1062 2535 pararunt,

201 2563 230 2612 et
244 2554 346 2612 mulier
362 2557 519 2614 coniuncta
533 2558 594 2614 viro
609 2557 755 2615 concessit
770 2557 800 2614 in
814 2575 906 2614 unum
1030 2566 1073 2613 035

201 2652 368 2723 conubium,
383 2655 554 2728 prolemque
569 2672 606 2711 ex
620 2672 652 2711 se
666 2652 763 2711 videre
779 2663 916 2725 creatam,

200 2757 262 2806 tum
276 2767 367 2824 genus
381 2749 542 2808 humanum
556 2752 682 2827 primum
696 2751 866 2808 mollescere
882 2750 990 2826 coepit.

200 2847 280 2921 Ignis
294 2848 374 2905 enim
388 2850 497 2906 curavit
511 2859 543 2907 ut
557 2850 625 2906 alsia
640 2866 764 2923 corpora
777 2849 863 2924 frigus
1071 2848 1148 2907 (1015)

198 2962 260 3002 non
274 2944 315 3002 ita
328 2945 386 3002 iam
401 2955 521 3022 possent
535 2947 607 3003 caeli
623 2945 676 3004 sub
691 2945 818 3020 tegmine
833 2946 914 3018 ferre,

199 3050 229 3098 et
241 3042 342 3100 Venus
357 3043 491 3101 inminuit
504 3044 570 3101 viris
585 3044 724 3118 puerique
740 3053 892 3118 parentum
1028 3053 1072 3098 040

197 3137 344 3197 blanditiis
359 3141 442 3198 facile
457 3142 606 3216 ingenium
621 3142 731 3216 fregere
747 3141 914 3215 superbum.

197 3236 283 3292 Tunc
298 3245 327 3293 et
341 3238 499 3294 amicitiem
513 3248 675 3313 coeperunt
689 3239 808 3313 iungere
823 3247 941 3296 aventes

197 3331 311 3389 finitimi
326 3333 400 3391 inter
414 3352 445 3391 se
460 3353 517 3391 nec
531 3334 646 3392 laedere
662 3353 718 3392 nec
733 3335 841 3407 violari,
1068 3333 1147 3392 (0000)

197 3438 227 3485 et
241 3446 346 3503 pueros
360 3429 606 3488 commendarunt
621 3432 820 3506 muliebreque
835 3433 973 3506 saeclum,

195 3526 316 3584 vocibus
332 3537 361 3584 et
374 3537 457 3602 gestu
473 3548 541 3585 cum
556 3529 641 3587 balbe
657 3529 853 3602 significarent
1026 3538 1070 3587 045

196 3622 407 3682 imbecillorum
422 3643 485 3682 esse
500 3643 604 3683 aecum
619 3627 778 3683 misererier
793 3627 897 3685 omnis.

197 3721 263 3778 Nec
277 3730 376 3779 tamen
390 3722 568 3781 omnimodis
583 3733 695 3798 poterat
710 3723 870 3781 concordia
885 3724 972 3800 gigni,

196 3815 250 3876 sed
264 3818 342 3877 bona
356 3837 519 3895 magnaque
534 3839 599 3896 pars
614 3820 745 3878 servabat
760 3820 880 3879 foedera
894 3831 994 3896 caste3
1062 3819 1144 3880 (1025)
