<?xml version="1.0" encoding="UTF-8"?>
<!DOCTYPE html PUBLIC "-//W3C//DTD XHTML 1.0 Transitional//EN"
    "http://www.w3.org/TR/xhtml1/DTD/xhtml1-transitional.dtd">
<html xmlns="http://www.w3.org/1999/xhtml" xml:lang="en" lang="en">
 <head>
  <title>
</title>
<meta http-equiv="Content-Type" content="text/html;charset=utf-8" />
  <meta name='ocr-system' content='tesseract 3.04.00' />
  <meta name='ocr-capabilities' content='ocr_page ocr_carea ocr_par ocr_line ocrx_word'/>
</head>
<body>
  <div class='ocr_page' id='page_1' title='image "./selectionsfroml02crowgoog_0082.png"; bbox 0 0 2558 4230; ppageno 0'>
   <div class='ocr_carea' id='block_1_1' title="bbox 180 831 933 910">
    <p class='ocr_par' dir='ltr' id='par_1_1' title="bbox 180 831 933 910">
     <span class='ocr_line' id='line_1_1' title="bbox 180 831 933 910; baseline -0.001 -1"><span class='ocrx_word' id='word_1_1' title='bbox 180 832 300 909; x_wconf 88' lang='lat' dir='ltr'><strong>SEX.</strong></span> <span class='ocrx_word' id='word_1_2' title='bbox 338 835 637 910; x_wconf 88' lang='lat' dir='ltr'>PROPERTII</span> <span class='ocrx_word' id='word_1_3' title='bbox 675 831 933 910; x_wconf 87' lang='lat' dir='ltr'><strong>ELEGIAE.</strong></span> 
     </span>
    </p>
   </div>
   <div class='ocr_carea' id='block_1_2' title="bbox 490 1051 628 1080">
    <p class='ocr_par' dir='ltr' id='par_1_2' title="bbox 490 1051 628 1080">
     <span class='ocr_line' id='line_1_2' title="bbox 490 1051 628 1080; baseline 0 0"><span class='ocrx_word' id='word_1_4' title='bbox 490 1051 628 1080; x_wconf 74' lang='lat'>—000—</span> 
     </span>
    </p>
   </div>
   <div class='ocr_carea' id='block_1_3' title="bbox 471 1217 638 1297">
    <p class='ocr_par' dir='ltr' id='par_1_3' title="bbox 471 1217 638 1297">
     <span class='ocr_line' id='line_1_3' title="bbox 471 1217 638 1297; baseline -0.006 0"><span class='ocrx_word' id='word_1_5' title='bbox 471 1219 497 1279; x_wconf 83' lang='lat'>1·</span> <span class='ocrx_word' id='word_1_6' title='bbox 543 1217 577 1297; x_wconf 70' lang='grc' dir='ltr'>(ι.</span> <span class='ocrx_word' id='word_1_7' title='bbox 595 1217 638 1296; x_wconf 79' lang='lat'>2.)</span> 
     </span>
    </p>
   </div>
   <div class='ocr_carea' id='block_1_4' title="bbox 109 1365 912 3878">
    <p class='ocr_par' dir='ltr' id='par_1_4' title="bbox 109 1365 912 3878">
     <span class='ocr_line' id='line_1_4' title="bbox 179 1365 854 1443; baseline 0.001 -18"><span class='ocrx_word' id='word_1_8' title='bbox 179 1365 255 1425; x_wconf 92' lang='lat' dir='ltr'>UID</span> <span class='ocrx_word' id='word_1_9' title='bbox 270 1365 350 1424; x_wconf 88' lang='lat' dir='ltr'>iuvat</span> <span class='ocrx_word' id='word_1_10' title='bbox 363 1374 467 1424; x_wconf 87' lang='lat' dir='ltr'>ornato</span> <span class='ocrx_word' id='word_1_11' title='bbox 481 1365 652 1441; x_wconf 89' lang='lat' dir='ltr'>procedere,</span> <span class='ocrx_word' id='word_1_12' title='bbox 666 1367 733 1439; x_wconf 88' lang='lat' dir='ltr'>vita,</span> <span class='ocrx_word' id='word_1_13' title='bbox 748 1367 854 1443; x_wconf 88' lang='lat' dir='ltr'>capillo</span> 
     </span>
     <span class='ocr_line' id='line_1_5' title="bbox 198 1463 767 1522; baseline 0.004 -2"><span class='ocrx_word' id='word_1_14' title='bbox 198 1472 228 1520; x_wconf 89' lang='lat' dir='ltr'>et</span> <span class='ocrx_word' id='word_1_15' title='bbox 242 1472 346 1520; x_wconf 90' lang='lat' dir='ltr'>tenues</span> <span class='ocrx_word' id='word_1_16' title='bbox 361 1463 426 1521; x_wconf 89' lang='lat' dir='ltr'>Coa</span> <span class='ocrx_word' id='word_1_17' title='bbox 438 1473 518 1521; x_wconf 92' lang='lat' dir='ltr'>veste</span> <span class='ocrx_word' id='word_1_18' title='bbox 533 1482 651 1521; x_wconf 91' lang='lat' dir='ltr'>movere</span> <span class='ocrx_word' id='word_1_19' title='bbox 666 1465 767 1522; x_wconf 84' lang='lat' dir='ltr'>sinus?</span> 
     </span>
     <span class='ocr_line' id='line_1_6' title="bbox 109 1558 809 1635; baseline 0.006 -20"><span class='ocrx_word' id='word_1_20' title='bbox 109 1569 159 1616; x_wconf 90' lang='lat' dir='ltr'>aut</span> <span class='ocrx_word' id='word_1_21' title='bbox 172 1558 245 1634; x_wconf 90' lang='lat' dir='ltr'>quid</span> <span class='ocrx_word' id='word_1_22' title='bbox 259 1559 392 1618; x_wconf 85' lang='lat' dir='ltr'>Orontea</span> <span class='ocrx_word' id='word_1_23' title='bbox 406 1561 500 1618; x_wconf 88' lang='lat' dir='ltr'>crines</span> <span class='ocrx_word' id='word_1_24' title='bbox 514 1559 688 1635; x_wconf 81' lang='lat' dir='ltr'>perfundere</span> <span class='ocrx_word' id='word_1_25' title='bbox 704 1581 809 1634; x_wconf 89' lang='lat' dir='ltr'>murra,</span> 
     </span>
     <span class='ocr_line' id='line_1_7' title="bbox 148 1657 745 1732; baseline 0.002 -17"><span class='ocrx_word' id='word_1_26' title='bbox 148 1665 237 1732; x_wconf 86' lang='lat' dir='ltr'>teque</span> <span class='ocrx_word' id='word_1_27' title='bbox 252 1657 411 1732; x_wconf 88' lang='lat' dir='ltr'>peregrinis</span> <span class='ocrx_word' id='word_1_28' title='bbox 425 1657 552 1715; x_wconf 90' lang='lat' dir='ltr'>vendere</span> <span class='ocrx_word' id='word_1_29' title='bbox 567 1659 745 1730; x_wconf 70' lang='lat' dir='ltr'>muneribus</span> 
     </span>
     <span class='ocr_line' id='line_1_8' title="bbox 109 1753 771 1830; baseline 0.006 -20"><span class='ocrx_word' id='word_1_30' title='bbox 109 1763 288 1828; x_wconf 86' lang='lat' dir='ltr'>naturaeque</span> <span class='ocrx_word' id='word_1_31' title='bbox 303 1753 395 1812; x_wconf 92' lang='lat' dir='ltr'>decus</span> <span class='ocrx_word' id='word_1_32' title='bbox 409 1765 539 1812; x_wconf 89' lang='lat' dir='ltr'>mercato</span> <span class='ocrx_word' id='word_1_33' title='bbox 553 1755 677 1830; x_wconf 89' lang='lat' dir='ltr'>perdere</span> <span class='ocrx_word' id='word_1_34' title='bbox 692 1756 771 1814; x_wconf 91' lang='lat' dir='ltr'>cultu</span> 
     </span>
     <span class='ocr_line' id='line_1_9' title="bbox 149 1851 866 1926; baseline 0.004 -18"><span class='ocrx_word' id='word_1_35' title='bbox 149 1869 206 1908; x_wconf 90' lang='lat' dir='ltr'>nec</span> <span class='ocrx_word' id='word_1_36' title='bbox 220 1851 315 1909; x_wconf 91' lang='lat' dir='ltr'>sinere</span> <span class='ocrx_word' id='word_1_37' title='bbox 330 1852 360 1908; x_wconf 95' lang='lat' dir='ltr'>in</span> <span class='ocrx_word' id='word_1_38' title='bbox 373 1852 496 1926; x_wconf 90' lang='lat' dir='ltr'>propriis</span> <span class='ocrx_word' id='word_1_39' title='bbox 510 1853 641 1910; x_wconf 88' lang='lat' dir='ltr'>membra</span> <span class='ocrx_word' id='word_1_40' title='bbox 654 1853 745 1910; x_wconf 85' lang='lat' dir='ltr'>nitere</span> <span class='ocrx_word' id='word_1_41' title='bbox 759 1853 866 1912; x_wconf 84' lang='lat' dir='ltr'>bonis?</span> 
     </span>
     <span class='ocr_line' id='line_1_10' title="bbox 111 1947 890 2025; baseline 0.003 -19"><span class='ocrx_word' id='word_1_42' title='bbox 111 1947 206 2007; x_wconf 88' lang='lat' dir='ltr'>Crede</span> <span class='ocrx_word' id='word_1_43' title='bbox 220 1948 302 2020; x_wconf 90' lang='lat' dir='ltr'>mihi,</span> <span class='ocrx_word' id='word_1_44' title='bbox 317 1967 378 2006; x_wconf 94' lang='lat' dir='ltr'>non</span> <span class='ocrx_word' id='word_1_45' title='bbox 392 1948 450 2007; x_wconf 85' lang='lat' dir='ltr'>ulla</span> <span class='ocrx_word' id='word_1_46' title='bbox 462 1959 530 2006; x_wconf 85' lang='lat' dir='ltr'>tuae</span> <span class='ocrx_word' id='word_1_47' title='bbox 545 1959 590 2007; x_wconf 90' lang='lat' dir='ltr'>est</span> <span class='ocrx_word' id='word_1_48' title='bbox 603 1950 752 2008; x_wconf 86' lang='lat' dir='ltr'>medicina</span> <span class='ocrx_word' id='word_1_49' title='bbox 764 1951 890 2025; x_wconf 82' lang='lat' dir='ltr'>figurae:</span> 
     </span>
     <span class='ocr_line' id='line_1_11' title="bbox 150 2044 804 2106; baseline 0.005 -4"><span class='ocrx_word' id='word_1_50' title='bbox 150 2044 246 2103; x_wconf 91' lang='lat' dir='ltr'>nudus</span> <span class='ocrx_word' id='word_1_51' title='bbox 260 2047 351 2102; x_wconf 88' lang='lat' dir='ltr'>Amor</span> <span class='ocrx_word' id='word_1_52' title='bbox 364 2046 474 2103; x_wconf 84' lang='lat' dir='ltr'>formae</span> <span class='ocrx_word' id='word_1_53' title='bbox 488 2064 549 2104; x_wconf 93' lang='lat' dir='ltr'>non</span> <span class='ocrx_word' id='word_1_54' title='bbox 563 2057 642 2104; x_wconf 87' lang='lat' dir='ltr'>amat</span> <span class='ocrx_word' id='word_1_55' title='bbox 656 2048 804 2106; x_wconf 87' lang='lat' dir='ltr'>artificem.</span> 
     </span>
     <span class='ocr_line' id='line_1_12' title="bbox 111 2143 871 2218; baseline 0.004 -19"><span class='ocrx_word' id='word_1_56' title='bbox 111 2143 217 2218; x_wconf 83' lang='lat' dir='ltr'>Aspice</span> <span class='ocrx_word' id='word_1_57' title='bbox 232 2160 308 2217; x_wconf 92' lang='lat' dir='ltr'>quos</span> <span class='ocrx_word' id='word_1_58' title='bbox 322 2143 474 2200; x_wconf 87' lang='lat' dir='ltr'>summittit</span> <span class='ocrx_word' id='word_1_59' title='bbox 488 2143 594 2202; x_wconf 88' lang='lat' dir='ltr'>humus</span> <span class='ocrx_word' id='word_1_60' title='bbox 608 2144 736 2202; x_wconf 85' lang='lat' dir='ltr'>formosa</span> <span class='ocrx_word' id='word_1_61' title='bbox 750 2145 871 2217; x_wconf 90' lang='lat' dir='ltr'>coleres,</span> 
     </span>
     <span class='ocr_line' id='line_1_13' title="bbox 150 2240 767 2316; baseline 0.003 -19"><span class='ocrx_word' id='word_1_62' title='bbox 150 2249 181 2297; x_wconf 92' lang='lat' dir='ltr'>ut</span> <span class='ocrx_word' id='word_1_63' title='bbox 193 2240 312 2297; x_wconf 88' lang='lat' dir='ltr'>veniant</span> <span class='ocrx_word' id='word_1_64' title='bbox 327 2240 453 2298; x_wconf 88' lang='lat' dir='ltr'>hederae</span> <span class='ocrx_word' id='word_1_65' title='bbox 469 2252 574 2316; x_wconf 89' lang='lat' dir='ltr'>sponte</span> <span class='ocrx_word' id='word_1_66' title='bbox 589 2261 642 2299; x_wconf 91' lang='lat' dir='ltr'>sua</span> <span class='ocrx_word' id='word_1_67' title='bbox 656 2242 767 2312; x_wconf 76' lang='lat' dir='ltr'>meliuS,</span> 
     </span>
     <span class='ocr_line' id='line_1_14' title="bbox 112 2337 788 2412; baseline 0.004 -18"><span class='ocrx_word' id='word_1_68' title='bbox 112 2347 206 2412; x_wconf 83' lang='lat' dir='ltr'>surgat</span> <span class='ocrx_word' id='word_1_69' title='bbox 220 2347 250 2395; x_wconf 91' lang='lat' dir='ltr'>et</span> <span class='ocrx_word' id='word_1_70' title='bbox 264 2337 296 2394; x_wconf 92' lang='lat' dir='ltr'>in</span> <span class='ocrx_word' id='word_1_71' title='bbox 309 2338 377 2395; x_wconf 91' lang='lat' dir='ltr'>solis</span> <span class='ocrx_word' id='word_1_72' title='bbox 391 2338 545 2397; x_wconf 85' lang='lat' dir='ltr'>formosius</span> <span class='ocrx_word' id='word_1_73' title='bbox 559 2339 676 2397; x_wconf 90' lang='lat' dir='ltr'>arbutus</span> <span class='ocrx_word' id='word_1_74' title='bbox 692 2339 788 2411; x_wconf 87' lang='lat' dir='ltr'>antris,</span> 
     </span>
     <span class='ocr_line' id='line_1_15' title="bbox 150 2434 767 2511; baseline 0.005 -20"><span class='ocrx_word' id='word_1_75' title='bbox 150 2444 179 2492; x_wconf 92' lang='lat' dir='ltr'>et</span> <span class='ocrx_word' id='word_1_76' title='bbox 192 2435 266 2492; x_wconf 92' lang='lat' dir='ltr'>sciat</span> <span class='ocrx_word' id='word_1_77' title='bbox 280 2434 422 2493; x_wconf 89' lang='lat' dir='ltr'>indociles</span> <span class='ocrx_word' id='word_1_78' title='bbox 438 2454 551 2493; x_wconf 90' lang='lat' dir='ltr'>currere</span> <span class='ocrx_word' id='word_1_79' title='bbox 566 2436 685 2511; x_wconf 90' lang='lat' dir='ltr'>lympha</span> <span class='ocrx_word' id='word_1_80' title='bbox 698 2437 767 2494; x_wconf 87' lang='lat' dir='ltr'>vias.</span> 
     </span>
     <span class='ocr_line' id='line_1_16' title="bbox 114 2532 697 2608; baseline 0.003 -19"><span class='ocrx_word' id='word_1_81' title='bbox 114 2532 209 2590; x_wconf 90' lang='lat' dir='ltr'>Litora</span> <span class='ocrx_word' id='word_1_82' title='bbox 222 2533 327 2590; x_wconf 89' lang='lat' dir='ltr'>nativis</span> <span class='ocrx_word' id='word_1_83' title='bbox 342 2533 488 2590; x_wconf 88' lang='lat' dir='ltr'>collucent</span> <span class='ocrx_word' id='word_1_84' title='bbox 501 2534 582 2608; x_wconf 90' lang='lat' dir='ltr'>picta</span> <span class='ocrx_word' id='word_1_85' title='bbox 595 2534 697 2608; x_wconf 90' lang='lat' dir='ltr'>lapillis</span> 
     </span>
     <span class='ocr_line' id='line_1_17' title="bbox 150 2629 754 2690; baseline 0.003 -3"><span class='ocrx_word' id='word_1_86' title='bbox 150 2639 179 2687; x_wconf 91' lang='lat' dir='ltr'>et</span> <span class='ocrx_word' id='word_1_87' title='bbox 191 2630 325 2688; x_wconf 89' lang='lat' dir='ltr'>volucres</span> <span class='ocrx_word' id='word_1_88' title='bbox 340 2631 418 2687; x_wconf 92' lang='lat' dir='ltr'>nulla</span> <span class='ocrx_word' id='word_1_89' title='bbox 432 2629 545 2688; x_wconf 91' lang='lat' dir='ltr'>dulcius</span> <span class='ocrx_word' id='word_1_90' title='bbox 560 2641 620 2688; x_wconf 86' lang='lat' dir='ltr'>arte</span> <span class='ocrx_word' id='word_1_91' title='bbox 636 2641 754 2690; x_wconf 88' lang='lat' dir='ltr'>canunt.</span> 
     </span>
     <span class='ocr_line' id='line_1_18' title="bbox 113 2725 856 2802; baseline 0.007 -20"><span class='ocrx_word' id='word_1_92' title='bbox 113 2725 179 2784; x_wconf 91' lang='lat' dir='ltr'>Non</span> <span class='ocrx_word' id='word_1_93' title='bbox 194 2727 236 2785; x_wconf 88' lang='lat' dir='ltr'>sic</span> <span class='ocrx_word' id='word_1_94' title='bbox 252 2727 409 2802; x_wconf 90' lang='lat' dir='ltr'>Leucippis</span> <span class='ocrx_word' id='word_1_95' title='bbox 424 2728 576 2785; x_wconf 88' lang='lat' dir='ltr'>succendit</span> <span class='ocrx_word' id='word_1_96' title='bbox 592 2729 713 2787; x_wconf 87' lang='lat' dir='ltr'>Castora</span> <span class='ocrx_word' id='word_1_97' title='bbox 728 2728 856 2802; x_wconf 88' lang='lat' dir='ltr'>Phoebe,</span> 
     </span>
     <span class='ocr_line' id='line_1_19' title="bbox 151 2824 702 2897; baseline 0.005 -17"><span class='ocrx_word' id='word_1_98' title='bbox 151 2824 301 2881; x_wconf 92' lang='lat' dir='ltr'>Pollucem</span> <span class='ocrx_word' id='word_1_99' title='bbox 316 2825 395 2882; x_wconf 92' lang='lat' dir='ltr'>cultu</span> <span class='ocrx_word' id='word_1_100' title='bbox 409 2842 470 2882; x_wconf 92' lang='lat' dir='ltr'>non</span> <span class='ocrx_word' id='word_1_101' title='bbox 486 2826 599 2882; x_wconf 89' lang='lat' dir='ltr'>Hilaira</span> <span class='ocrx_word' id='word_1_102' title='bbox 612 2844 702 2897; x_wconf 91' lang='lat' dir='ltr'>soror,</span> 
     </span>
     <span class='ocr_line' id='line_1_20' title="bbox 114 2920 912 2996; baseline 0.008 -20"><span class='ocrx_word' id='word_1_103' title='bbox 114 2937 179 2992; x_wconf 90' lang='lat' dir='ltr'>non,</span> <span class='ocrx_word' id='word_1_104' title='bbox 195 2920 267 2979; x_wconf 91' lang='lat' dir='ltr'>Idae</span> <span class='ocrx_word' id='word_1_105' title='bbox 283 2930 313 2978; x_wconf 88' lang='lat' dir='ltr'>et</span> <span class='ocrx_word' id='word_1_106' title='bbox 327 2921 438 2996; x_wconf 89' lang='lat' dir='ltr'>cupido</span> <span class='ocrx_word' id='word_1_107' title='bbox 452 2921 604 2996; x_wconf 91' lang='lat' dir='ltr'>quondam</span> <span class='ocrx_word' id='word_1_108' title='bbox 618 2922 767 2980; x_wconf 91' lang='lat' dir='ltr'>discordia</span> <span class='ocrx_word' id='word_1_109' title='bbox 781 2923 912 2996; x_wconf 92' lang='lat' dir='ltr'>Phoebo,</span> 
     </span>
     <span class='ocr_line' id='line_1_21' title="bbox 150 3018 586 3092; baseline 0.005 -17"><span class='ocrx_word' id='word_1_110' title='bbox 150 3018 246 3075; x_wconf 88' lang='lat' dir='ltr'>Eueni</span> <span class='ocrx_word' id='word_1_111' title='bbox 260 3019 359 3092; x_wconf 87' lang='lat' dir='ltr'>patriis</span> <span class='ocrx_word' id='word_1_112' title='bbox 374 3018 432 3075; x_wconf 89' lang='lat' dir='ltr'>filia</span> <span class='ocrx_word' id='word_1_113' title='bbox 446 3019 586 3091; x_wconf 72' lang='lat' dir='ltr'>litoribus</span> 
     </span>
     <span class='ocr_line' id='line_1_22' title="bbox 114 3114 815 3191; baseline 0.006 -20"><span class='ocrx_word' id='word_1_114' title='bbox 114 3132 165 3172; x_wconf 92' lang='lat' dir='ltr'>nec</span> <span class='ocrx_word' id='word_1_115' title='bbox 180 3115 337 3191; x_wconf 88' lang='lat' dir='ltr'>Phrygium</span> <span class='ocrx_word' id='word_1_116' title='bbox 351 3117 423 3173; x_wconf 88' lang='lat' dir='ltr'>falso</span> <span class='ocrx_word' id='word_1_117' title='bbox 437 3117 521 3174; x_wconf 87' lang='lat' dir='ltr'>traxit</span> <span class='ocrx_word' id='word_1_118' title='bbox 536 3114 664 3175; x_wconf 91' lang='lat' dir='ltr'>candore</span> <span class='ocrx_word' id='word_1_119' title='bbox 679 3117 815 3176; x_wconf 89' lang='lat' dir='ltr'>maritum</span> 
     </span>
     <span class='ocr_line' id='line_1_23' title="bbox 149 3213 715 3289; baseline 0.005 -20"><span class='ocrx_word' id='word_1_120' title='bbox 149 3224 253 3271; x_wconf 89' lang='lat' dir='ltr'>avecta</span> <span class='ocrx_word' id='word_1_121' title='bbox 266 3213 392 3271; x_wconf 87' lang='lat' dir='ltr'>externis</span> <span class='ocrx_word' id='word_1_122' title='bbox 409 3214 613 3289; x_wconf 88' lang='lat' dir='ltr'>Hippodamia</span> <span class='ocrx_word' id='word_1_123' title='bbox 626 3215 695 3272; x_wconf 89' lang='lat' dir='ltr'>rotis</span> <span class='ocrx_word' id='word_1_124' title='bbox 706 3234 715 3288; x_wconf 82' lang='lat'><em>3</em></span> 
     </span>
     <span class='ocr_line' id='line_1_24' title="bbox 114 3308 769 3387; baseline 0.006 -21"><span class='ocrx_word' id='word_1_125' title='bbox 114 3309 162 3366; x_wconf 89' lang='lat' dir='ltr'>sed</span> <span class='ocrx_word' id='word_1_126' title='bbox 177 3311 266 3367; x_wconf 86' lang='lat' dir='ltr'>facies</span> <span class='ocrx_word' id='word_1_127' title='bbox 280 3308 381 3368; x_wconf 87' lang='lat' dir='ltr'>aderat</span> <span class='ocrx_word' id='word_1_128' title='bbox 394 3309 479 3368; x_wconf 91' lang='lat' dir='ltr'>nullis</span> <span class='ocrx_word' id='word_1_129' title='bbox 494 3312 622 3369; x_wconf 90' lang='lat' dir='ltr'>obnoxia</span> <span class='ocrx_word' id='word_1_130' title='bbox 635 3312 769 3387; x_wconf 69' lang='lat' dir='ltr'>gemmis</span> 
     </span>
     <span class='ocr_line' id='line_1_25' title="bbox 149 3407 707 3482; baseline 0.004 -18"><span class='ocrx_word' id='word_1_131' title='bbox 149 3407 240 3482; x_wconf 89' lang='lat' dir='ltr'>qualis</span> <span class='ocrx_word' id='word_1_132' title='bbox 254 3408 381 3482; x_wconf 89' lang='lat' dir='ltr'>Apelleis</span> <span class='ocrx_word' id='word_1_133' title='bbox 396 3418 440 3466; x_wconf 90' lang='lat' dir='ltr'>est</span> <span class='ocrx_word' id='word_1_134' title='bbox 455 3408 536 3466; x_wconf 90' lang='lat' dir='ltr'>color</span> <span class='ocrx_word' id='word_1_135' title='bbox 550 3408 579 3466; x_wconf 90' lang='lat' dir='ltr'>in</span> <span class='ocrx_word' id='word_1_136' title='bbox 594 3410 707 3468; x_wconf 75' lang='lat' dir='ltr'>tabulis,</span> 
     </span>
     <span class='ocr_line' id='line_1_26' title="bbox 114 3503 845 3581; baseline 0.005 -20"><span class='ocrx_word' id='word_1_137' title='bbox 114 3503 180 3562; x_wconf 93' lang='lat' dir='ltr'>Non</span> <span class='ocrx_word' id='word_1_138' title='bbox 194 3504 248 3562; x_wconf 90' lang='lat' dir='ltr'>illis</span> <span class='ocrx_word' id='word_1_139' title='bbox 263 3504 392 3563; x_wconf 90' lang='lat' dir='ltr'>studium</span> <span class='ocrx_word' id='word_1_140' title='bbox 406 3506 493 3581; x_wconf 87' lang='lat' dir='ltr'>vulgo</span> <span class='ocrx_word' id='word_1_141' title='bbox 507 3507 679 3581; x_wconf 87' lang='lat' dir='ltr'>conquirere</span> <span class='ocrx_word' id='word_1_142' title='bbox 694 3517 845 3566; x_wconf 90' lang='lat' dir='ltr'>amantes:</span> 
     </span>
     <span class='ocr_line' id='line_1_27' title="bbox 150 3601 669 3679; baseline 0.004 -21"><span class='ocrx_word' id='word_1_143' title='bbox 150 3601 203 3660; x_wconf 92' lang='lat' dir='ltr'>illis</span> <span class='ocrx_word' id='word_1_144' title='bbox 217 3602 315 3677; x_wconf 91' lang='lat' dir='ltr'>ampla</span> <span class='ocrx_word' id='word_1_145' title='bbox 329 3604 398 3661; x_wconf 90' lang='lat' dir='ltr'>satis</span> <span class='ocrx_word' id='word_1_146' title='bbox 412 3603 506 3661; x_wconf 83' lang='lat' dir='ltr'>forma</span> <span class='ocrx_word' id='word_1_147' title='bbox 519 3603 669 3679; x_wconf 90' lang='lat' dir='ltr'>pudicitia.</span> 
     </span>
     <span class='ocr_line' id='line_1_28' title="bbox 115 3696 847 3775; baseline 0.008 -21"><span class='ocrx_word' id='word_1_148' title='bbox 115 3696 181 3756; x_wconf 89' lang='lat' dir='ltr'>Non</span> <span class='ocrx_word' id='word_1_149' title='bbox 194 3717 250 3775; x_wconf 83' lang='lat' dir='ltr'>ego</span> <span class='ocrx_word' id='word_1_150' title='bbox 264 3718 344 3758; x_wconf 90' lang='lat' dir='ltr'>nunc</span> <span class='ocrx_word' id='word_1_151' title='bbox 357 3718 468 3772; x_wconf 88' lang='lat' dir='ltr'>vereor,</span> <span class='ocrx_word' id='word_1_152' title='bbox 483 3719 521 3758; x_wconf 90' lang='lat' dir='ltr'>ne</span> <span class='ocrx_word' id='word_1_153' title='bbox 536 3701 590 3758; x_wconf 91' lang='lat' dir='ltr'>sim</span> <span class='ocrx_word' id='word_1_154' title='bbox 605 3701 657 3760; x_wconf 89' lang='lat' dir='ltr'>tibi</span> <span class='ocrx_word' id='word_1_155' title='bbox 671 3702 754 3760; x_wconf 90' lang='lat' dir='ltr'>vilior</span> <span class='ocrx_word' id='word_1_156' title='bbox 767 3701 847 3760; x_wconf 86' lang='lat' dir='ltr'>istis:</span> 
     </span>
     <span class='ocr_line' id='line_1_29' title="bbox 150 3797 762 3878; baseline 0.016 -25"><span class='ocrx_word' id='word_1_157' title='bbox 150 3797 200 3854; x_wconf 88' lang='lat' dir='ltr'>uni</span> <span class='ocrx_word' id='word_1_158' title='bbox 213 3797 237 3855; x_wconf 91' lang='lat' dir='ltr'>si</span> <span class='ocrx_word' id='word_1_159' title='bbox 251 3815 308 3872; x_wconf 82' lang='lat' dir='ltr'>qua</span> <span class='ocrx_word' id='word_1_160' title='bbox 318 3798 425 3872; x_wconf 86' lang='lat' dir='ltr'>placet,</span> <span class='ocrx_word' id='word_1_161' title='bbox 441 3799 519 3858; x_wconf 89' lang='lat' dir='ltr'>culta</span> <span class='ocrx_word' id='word_1_162' title='bbox 531 3800 632 3876; x_wconf 91' lang='lat' dir='ltr'>puella</span> <span class='ocrx_word' id='word_1_163' title='bbox 646 3811 691 3863; x_wconf 85' lang='lat' dir='ltr'>sat</span> <span class='ocrx_word' id='word_1_164' title='bbox 705 3811 762 3878; x_wconf 86' lang='lat' dir='ltr'>est,</span> 
     </span>
    </p>
   </div>
   <div class='ocr_carea' id='block_1_5' title="bbox 255 3906 288 3965">
    <p class='ocr_par' dir='ltr' id='par_1_5' title="bbox 255 3906 288 3965">
     <span class='ocr_line' id='line_1_30' title="bbox 255 3906 288 3965; baseline 0 0"><span class='ocrx_word' id='word_1_165' title='bbox 255 3906 288 3965; x_wconf 82' lang='lat'>⁶9</span> 
     </span>
    </p>
   </div>
   <div class='ocr_carea' id='block_1_6' title="bbox 0 0 1296 4230">
    <p class='ocr_par' dir='ltr' id='par_1_6' title="bbox 0 0 1296 4230">
     <span class='ocr_line' id='line_1_31' title="bbox 0 0 1296 4230; baseline 0 0"><span class='ocrx_word' id='word_1_166' title='bbox 0 0 1296 4230; x_wconf 95' lang='lat' dir='ltr'> </span> 
     </span>
    </p>
   </div>
  </div>
 </body>
</html>
