2558 4230
402 330 508 395 Liber
530 330 685 410 Quintus.
1028 350 1070 414 43

120 524 167 573 aut
179 533 272 591 genus
287 515 448 575 humanum
462 517 521 574 iam
535 527 597 575 tum
611 517 685 575 foret
699 535 787 576 omne
798 527 983 594 peremptum

119 630 173 670 nec
186 613 331 688 potuisset
343 613 443 672 adhuc
457 613 619 688 perducere
634 615 731 672 saecla
743 632 885 690 propago.
948 624 991 670 050

156 712 195 767 At
207 711 303 768 varios
317 711 433 785 linguae
447 712 558 769 sonitus
573 720 676 769 natura
689 712 802 786 subegit

118 808 229 866 mittere
245 817 275 865 et
289 808 394 866 utilitas
409 809 549 884 expressit
563 810 684 866 nomina
696 827 800 881 rerum,

118 922 176 962 non
191 904 248 962 alia
260 904 347 979 longe
362 905 474 963 ratione
488 916 576 981 atque
591 907 655 981 ipsa
668 905 782 964 videtur
987 903 1066 962 (10³0)

117 1001 283 1076 protrahere
298 1001 337 1060 ad
350 1012 464 1078 gestum
478 1021 584 1078 pueros
598 1003 717 1060 infautia
730 1003 853 1079 linguae,

117 1116 184 1156 cum
195 1098 263 1156 facit
274 1108 306 1156 ut
317 1098 408 1174 digito
420 1118 495 1175 quae
507 1101 563 1158 sint
574 1100 738 1175 praesentia
748 1110 917 1160 monstrent.
947 1122 990 1170 255

117 1197 207 1254 Sentit
222 1198 302 1254 enim
315 1197 374 1254 vim
389 1198 510 1272 quisque
525 1217 607 1255 suam
623 1197 722 1272 quoad
736 1199 828 1272 possit
841 1199 931 1258 abuti.

117 1293 234 1352 Cornua
246 1305 315 1351 nata
328 1295 407 1368 prius
423 1295 512 1352 vitulo
526 1313 616 1369 quam
630 1295 772 1353 frontibus
788 1305 896 1367 extent,

116 1390 167 1448 illis
182 1392 270 1449 iratus
284 1392 358 1466 petit
371 1402 459 1466 atque
474 1392 593 1449 infestus
608 1392 730 1467 inurget.
986 1391 1065 1450 (¹035)

116 1489 152 1545 At
166 1488 254 1545 catuli
270 1489 474 1563 pantherarum
489 1490 661 1564 scymnique
675 1490 793 1548 leonum
870 1523 875 1533 ·

115 1585 259 1659 unguibus
272 1604 308 1642 ac
318 1585 443 1660 pedibus
454 1586 512 1643 iam
521 1597 584 1644 turn
595 1605 750 1661 morsuque
761 1598 934 1663 repugnant,
946 1599 990 1642 260

115 1682 161 1739 vix
175 1683 262 1739 etiam
279 1701 347 1739 cum
361 1692 427 1740 sunt
442 1682 548 1740 dentes
563 1702 734 1759 unguesque
749 1684 847 1742 creati.

115 1779 243 1836 Alituum
258 1797 345 1854 porro
359 1798 452 1854 genus
465 1781 517 1838 alis
532 1799 620 1838 omne
635 1781 769 1839 videmus

115 1875 205 1933 fidere
220 1887 281 1933 eta
295 1877 392 1951 pinnis
406 1878 561 1936 tremulum
575 1888 675 1953 petere
689 1880 865 1938 auxiliatum.
982 1878 1061 1937 (0010)

116 1973 240 2031 Proinde
254 1984 355 2049 putare
370 1975 498 2050 aliquem
512 1984 574 2033 tum
588 1975 707 2032 nomina
721 1975 897 2034 distribuisse

115 2071 199 2128 rebus
214 2081 244 2128 et
257 2070 326 2129 inde
341 2071 476 2130 homines
490 2071 629 2130 didicisse
643 2073 785 2130 vocabula
799 2073 900 2147 prima,
942 2086 984 2143 265

116 2166 284 2242 desiperest.
327 2170 406 2227 Nam
420 2189 472 2226 cur
485 2169 533 2227 hic
547 2180 648 2245 posset
663 2182 770 2227 cuncta
784 2181 883 2228 notare

115 2265 234 2323 vocibus
248 2276 279 2323 et
291 2267 385 2324 varios
399 2267 510 2325 sonitus
525 2267 657 2324 emittere
672 2267 796 2342 linguae,

115 2370 245 2437 ternpore
259 2363 369 2421 eodem
383 2364 431 2422 alii
445 2364 540 2421 facere
556 2363 586 2422 id
601 2383 661 2422 non
675 2365 771 2439 quisse
785 2367 944 2440 putentur?
981 2377 1062 2436 (¹045)

115 2469 264 2534 praeterea
277 2461 301 2518 si
315 2479 376 2519 non
391 2461 438 2518 alii
453 2479 570 2536 quoque
586 2463 707 2519 vocibus
721 2462 765 2519 usi

115 2555 188 2614 inter
200 2575 232 2614 se
247 2558 368 2630 fuerant,
383 2557 463 2616 unde
478 2559 564 2616 insita
577 2560 694 2616 notities
709 2569 753 2617 est
941 2572 986 2616 070

114 2653 241 2712 utilitatis
256 2666 286 2712 et
300 2654 379 2712 unde
393 2656 462 2713 data
476 2666 520 2713 est
534 2655 603 2713 huie
617 2657 711 2732 prima
724 2666 863 2732 potestas,

115 2749 184 2825 quid
197 2751 284 2809 vellet
297 2751 393 2809 facere
407 2762 438 2810 ut
453 2753 539 2810 sciret
553 2754 710 2828 animoque
725 2753 857 2812 videret?

152 2947 247 3023 Inque
261 2946 325 3005 dies
339 2949 430 3023 magis
446 2948 475 3006 hi
489 2947 599 3006 victum
613 2950 760 3024 vitamque
776 2951 904 3025 priorem
982 2959 1060 3018 (1105)

114 3055 291 3102 commutare
306 3046 388 3103 novis
404 3047 603 3104 monstrabant
617 3047 697 3104 rebu’
713 3048 841 3122 benigni,

113 3139 228 3216 ingenio
243 3142 293 3216 qui
308 3142 492 3217 praestabant
507 3153 537 3200 et
551 3142 642 3200 corde
656 3145 801 3218 vigebant.
940 3152 983 3199 075

114 3237 249 3296 Condere
264 3249 426 3314 coeperunt
441 3240 519 3298 urbis
533 3259 689 3315 arcemque
705 3242 801 3299 locare

112 3335 287 3409 praesidium
301 3355 384 3411 reges
400 3337 454 3411 ipsi
468 3338 522 3395 sibi
537 3338 768 3412 perfugiumque,

112 3442 140 3489 et
152 3450 244 3506 pecus
259 3444 345 3507 atque
360 3453 444 3508 agros
459 3434 581 3492 divisere
598 3447 684 3510 atque
700 3435 809 3493 dedere
978 3432 1057 3492 (¹110)

111 3545 162 3602 pro
177 3530 252 3587 facie
267 3531 407 3605 cuiusque
422 3541 451 3588 et
465 3532 571 3590 viribus
586 3532 782 3607 ingenioque,

110 3642 178 3683 uam
192 3627 281 3684 facies
296 3627 418 3684 multum
433 3629 519 3686 valuit
533 3629 665 3703 viresque
681 3630 820 3705 vigentes
939 3630 982 3674 ²⁸0

111 3722 254 3781 Posterius
268 3742 314 3781 res
328 3724 471 3782 inventast
486 3743 644 3800 aurumque
659 3736 817 3801 repertum,

110 3819 190 3894 quod
201 3821 285 3880 facile
299 3832 330 3880 et
343 3822 443 3880 validis
458 3833 486 3880 et
501 3823 627 3898 pulchris
642 3824 769 3899 dempsit
784 3824 926 3883 honorem
939 3845 947 3897 ;
