<?xml version="1.0" encoding="UTF-8"?>
<!DOCTYPE html PUBLIC "-//W3C//DTD XHTML 1.0 Transitional//EN"
    "http://www.w3.org/TR/xhtml1/DTD/xhtml1-transitional.dtd">
<html xmlns="http://www.w3.org/1999/xhtml" xml:lang="en" lang="en">
 <head>
  <title>
</title>
<meta http-equiv="Content-Type" content="text/html;charset=utf-8" />
  <meta name='ocr-system' content='tesseract 3.04.00' />
  <meta name='ocr-capabilities' content='ocr_page ocr_carea ocr_par ocr_line ocrx_word'/>
</head>
<body>
  <div class='ocr_page' id='page_1' title='image "./selectionsfroml02crowgoog/selectionsfroml02crowgoog_0078.png"; bbox 0 0 2558 4230; ppageno 0'>
   <div class='ocr_carea' id='block_1_1' title="bbox 101 353 178 422">
    <p class='ocr_par' dir='ltr' id='par_1_1' title="bbox 101 353 178 422">
     <span class='ocr_line' id='line_1_1' title="bbox 101 353 178 422; baseline 0 0"><span class='ocrx_word' id='word_1_1' title='bbox 101 353 178 422; x_wconf 81' lang='lat' dir='ltr'>vm]</span> 
     </span>
    </p>
   </div>
   <div class='ocr_carea' id='block_1_2' title="bbox 492 339 787 424">
    <p class='ocr_par' dir='ltr' id='par_1_2' title="bbox 492 339 787 424">
     <span class='ocr_line' id='line_1_2' title="bbox 492 339 787 424; baseline 0.003 -20"><span class='ocrx_word' id='word_1_2' title='bbox 492 339 619 405; x_wconf 68' lang='lat' dir='ltr'>aarum</span> <span class='ocrx_word' id='word_1_3' title='bbox 638 340 787 424; x_wconf 73' lang='lat' dir='ltr'>Elegiae..</span> 
     </span>
    </p>
   </div>
   <div class='ocr_carea' id='block_1_3' title="bbox 187 524 1165 3422">
    <p class='ocr_par' dir='ltr' id='par_1_3' title="bbox 187 524 1165 3422">
     <span class='ocr_line' id='line_1_3' title="bbox 187 524 870 601; baseline 0 -17"><span class='ocrx_word' id='word_1_4' title='bbox 187 524 295 584; x_wconf 91' lang='lat' dir='ltr'>oblitus</span> <span class='ocrx_word' id='word_1_5' title='bbox 310 532 340 583; x_wconf 91' lang='lat' dir='ltr'>et</span> <span class='ocrx_word' id='word_1_6' title='bbox 354 533 451 584; x_wconf 89' lang='lat' dir='ltr'>musto</span> <span class='ocrx_word' id='word_1_7' title='bbox 465 525 547 584; x_wconf 86' lang='lat' dir='ltr'>feriet</span> <span class='ocrx_word' id='word_1_8' title='bbox 560 524 639 601; x_wconf 92' lang='lat' dir='ltr'>pede</span> <span class='ocrx_word' id='word_1_9' title='bbox 652 525 776 583; x_wconf 89' lang='lat' dir='ltr'>msticus</span> <span class='ocrx_word' id='word_1_10' title='bbox 790 543 870 599; x_wconf 91' lang='lat' dir='ltr'>uvas,</span> 
     </span>
     <span class='ocr_line' id='line_1_4' title="bbox 228 621 823 698; baseline 0.002 -18"><span class='ocrx_word' id='word_1_11' title='bbox 228 621 310 680; x_wconf 91' lang='lat' dir='ltr'>dolia</span> <span class='ocrx_word' id='word_1_12' title='bbox 322 621 395 680; x_wconf 89' lang='lat' dir='ltr'>dum</span> <span class='ocrx_word' id='word_1_13' title='bbox 409 622 508 698; x_wconf 82' lang='lat' dir='ltr'>magni</span> <span class='ocrx_word' id='word_1_14' title='bbox 523 621 719 698; x_wconf 88' lang='lat' dir='ltr'><strong>deficiantque</strong></span> <span class='ocrx_word' id='word_1_15' title='bbox 734 623 823 681; x_wconf 91' lang='lat' dir='ltr'>lacus.</span> 
     </span>
     <span class='ocr_line' id='line_1_5' title="bbox 189 717 898 794; baseline 0.001 -18"><span class='ocrx_word' id='word_1_16' title='bbox 189 720 235 777; x_wconf 91' lang='lat' dir='ltr'>Ac</span> <span class='ocrx_word' id='word_1_17' title='bbox 247 717 385 777; x_wconf 91' lang='lat' dir='ltr'>madidus</span> <span class='ocrx_word' id='word_1_18' title='bbox 399 719 519 776; x_wconf 90' lang='lat' dir='ltr'>Baccho</span> <span class='ocrx_word' id='word_1_19' title='bbox 533 737 585 777; x_wconf 91' lang='lat' dir='ltr'>sua</span> <span class='ocrx_word' id='word_1_20' title='bbox 598 719 672 777; x_wconf 84' lang='lat' dir='ltr'>festa</span> <span class='ocrx_word' id='word_1_21' title='bbox 687 720 785 777; x_wconf 88' lang='lat' dir='ltr'>Palilia</span> <span class='ocrx_word' id='word_1_22' title='bbox 799 727 898 794; x_wconf 86' lang='lat' dir='ltr'>pastor</span> 
     </span>
     <span class='ocr_line' id='line_1_6' title="bbox 230 816 920 893; baseline 0.006 -21"><span class='ocrx_word' id='word_1_23' title='bbox 230 816 386 874; x_wconf 89' lang='lat' dir='ltr'>concinet:</span> <span class='ocrx_word' id='word_1_24' title='bbox 409 834 428 873; x_wconf 85' lang='lat' dir='ltr'>a</span> <span class='ocrx_word' id='word_1_25' title='bbox 441 816 558 874; x_wconf 89' lang='lat' dir='ltr'>stabulis</span> <span class='ocrx_word' id='word_1_26' title='bbox 573 826 644 874; x_wconf 92' lang='lat' dir='ltr'>tunc</span> <span class='ocrx_word' id='word_1_27' title='bbox 658 817 760 891; x_wconf 91' lang='lat' dir='ltr'>procul</span> <span class='ocrx_word' id='word_1_28' title='bbox 774 827 835 874; x_wconf 89' lang='lat' dir='ltr'>este</span> <span class='ocrx_word' id='word_1_29' title='bbox 850 817 920 893; x_wconf 90' lang='lat' dir='ltr'>lupi.</span> 
     </span>
     <span class='ocr_line' id='line_1_7' title="bbox 190 913 856 989; baseline 0.003 -19"><span class='ocrx_word' id='word_1_30' title='bbox 190 913 244 971; x_wconf 90' lang='lat' dir='ltr'>Ille</span> <span class='ocrx_word' id='word_1_31' title='bbox 258 913 328 970; x_wconf 91' lang='lat' dir='ltr'>levis</span> <span class='ocrx_word' id='word_1_32' title='bbox 343 913 466 988; x_wconf 89' lang='lat' dir='ltr'>stipulae</span> <span class='ocrx_word' id='word_1_33' title='bbox 481 914 618 971; x_wconf 90' lang='lat' dir='ltr'>solemnis</span> <span class='ocrx_word' id='word_1_34' title='bbox 633 926 720 989; x_wconf 90' lang='lat' dir='ltr'>potus</span> <span class='ocrx_word' id='word_1_35' title='bbox 735 932 856 973; x_wconf 89' lang='lat' dir='ltr'>acervos</span> 
     </span>
     <span class='ocr_line' id='line_1_8' title="bbox 231 1001 864 1085; baseline 0.003 -18"><span class='ocrx_word' id='word_1_36' title='bbox 231 1008 385 1080; x_wconf 86' lang='lat' dir='ltr'>accendet,</span> <span class='ocrx_word' id='word_1_37' title='bbox 401 1009 532 1068; x_wconf 86' lang='lat' dir='ltr'>flammas</span> <span class='ocrx_word' id='word_1_38' title='bbox 546 1001 743 1085; x_wconf 86' lang='lat' dir='ltr'>transilietque</span> <span class='ocrx_word' id='word_1_39' title='bbox 759 1029 864 1083; x_wconf 83' lang='lat' dir='ltr'>sacras,</span> 
     </span>
     <span class='ocr_line' id='line_1_9' title="bbox 191 1107 850 1183; baseline 0.005 -19"><span class='ocrx_word' id='word_1_40' title='bbox 191 1115 222 1165; x_wconf 91' lang='lat' dir='ltr'>et</span> <span class='ocrx_word' id='word_1_41' title='bbox 235 1107 309 1164; x_wconf 88' lang='lat' dir='ltr'>setus</span> <span class='ocrx_word' id='word_1_42' title='bbox 324 1117 458 1165; x_wconf 87' lang='lat' dir='ltr'>matrona</span> <span class='ocrx_word' id='word_1_43' title='bbox 472 1107 562 1179; x_wconf 89' lang='lat' dir='ltr'>dabit,</span> <span class='ocrx_word' id='word_1_44' title='bbox 577 1118 720 1183; x_wconf 89' lang='lat' dir='ltr'>natusque</span> <span class='ocrx_word' id='word_1_45' title='bbox 736 1109 850 1183; x_wconf 87' lang='lat' dir='ltr'>parenti</span> 
     </span>
     <span class='ocr_line' id='line_1_10' title="bbox 232 1203 786 1279; baseline 0.004 -19"><span class='ocrx_word' id='word_1_46' title='bbox 232 1203 333 1261; x_wconf 85' lang='lat' dir='ltr'>oscula</span> <span class='ocrx_word' id='word_1_47' title='bbox 346 1203 528 1278; x_wconf 88' lang='lat' dir='ltr'>comprensis</span> <span class='ocrx_word' id='word_1_48' title='bbox 542 1204 659 1262; x_wconf 89' lang='lat' dir='ltr'>auribus</span> <span class='ocrx_word' id='word_1_49' title='bbox 673 1205 786 1279; x_wconf 92' lang='lat' dir='ltr'>eripiet,</span> 
     </span>
     <span class='ocr_line' id='line_1_11' title="bbox 191 1300 885 1378; baseline 0.004 -20"><span class='ocrx_word' id='word_1_50' title='bbox 191 1318 249 1358; x_wconf 92' lang='lat' dir='ltr'>nec</span> <span class='ocrx_word' id='word_1_51' title='bbox 262 1300 392 1359; x_wconf 86' lang='lat' dir='ltr'>taedebit</span> <span class='ocrx_word' id='word_1_52' title='bbox 406 1319 493 1359; x_wconf 90' lang='lat' dir='ltr'>avum</span> <span class='ocrx_word' id='word_1_53' title='bbox 507 1319 597 1377; x_wconf 89' lang='lat' dir='ltr'>parvo</span> <span class='ocrx_word' id='word_1_54' title='bbox 611 1301 767 1377; x_wconf 86' lang='lat' dir='ltr'>advigilare</span> <span class='ocrx_word' id='word_1_55' title='bbox 782 1302 885 1378; x_wconf 91' lang='lat' dir='ltr'>nepoti</span> 
     </span>
     <span class='ocr_line' id='line_1_12' title="bbox 231 1397 909 1473; baseline 0.001 -17"><span class='ocrx_word' id='word_1_56' title='bbox 231 1397 376 1472; x_wconf 88' lang='lat' dir='ltr'>balbaque</span> <span class='ocrx_word' id='word_1_57' title='bbox 391 1416 460 1455; x_wconf 91' lang='lat' dir='ltr'>cum</span> <span class='ocrx_word' id='word_1_58' title='bbox 475 1416 567 1473; x_wconf 90' lang='lat' dir='ltr'>puero</span> <span class='ocrx_word' id='word_1_59' title='bbox 582 1398 682 1456; x_wconf 88' lang='lat' dir='ltr'>dicere</span> <span class='ocrx_word' id='word_1_60' title='bbox 696 1399 785 1457; x_wconf 89' lang='lat' dir='ltr'>verba</span> <span class='ocrx_word' id='word_1_61' title='bbox 798 1417 909 1457; x_wconf 91' lang='lat' dir='ltr'>senem.</span> 
     </span>
     <span class='ocr_line' id='line_1_13' title="bbox 191 1492 1165 1570; baseline -0.001 -19"><span class='ocrx_word' id='word_1_62' title='bbox 191 1494 412 1570; x_wconf 28' lang='lat' dir='ltr'>Tunc-operata</span> <span class='ocrx_word' id='word_1_63' title='bbox 426 1494 485 1553; x_wconf 94' lang='lat' dir='ltr'>deo</span> <span class='ocrx_word' id='word_1_64' title='bbox 501 1496 594 1570; x_wconf 90' lang='lat' dir='ltr'>pubes</span> <span class='ocrx_word' id='word_1_65' title='bbox 608 1495 775 1553; x_wconf 88' lang='lat' dir='ltr'>discumbet</span> <span class='ocrx_word' id='word_1_66' title='bbox 789 1497 819 1554; x_wconf 91' lang='lat' dir='ltr'>in</span> <span class='ocrx_word' id='word_1_67' title='bbox 834 1496 933 1568; x_wconf 87' lang='lat' dir='ltr'>herba,</span> <span class='ocrx_word' id='word_1_68' title='bbox 1114 1492 1165 1551; x_wconf 84' lang='grc'>(95)</span> 
     </span>
     <span class='ocr_line' id='line_1_14' title="bbox 232 1591 1090 1667; baseline -0.001 -19"><span class='ocrx_word' id='word_1_69' title='bbox 232 1591 342 1650; x_wconf 91' lang='lat' dir='ltr'>arboris</span> <span class='ocrx_word' id='word_1_70' title='bbox 355 1592 492 1666; x_wconf 92' lang='lat' dir='ltr'>antiquae</span> <span class='ocrx_word' id='word_1_71' title='bbox 509 1610 567 1667; x_wconf 91' lang='lat' dir='ltr'>qua</span> <span class='ocrx_word' id='word_1_72' title='bbox 581 1593 650 1650; x_wconf 90' lang='lat' dir='ltr'>levis</span> <span class='ocrx_word' id='word_1_73' title='bbox 664 1593 767 1650; x_wconf 91' lang='lat' dir='ltr'>umbra</span> <span class='ocrx_word' id='word_1_74' title='bbox 780 1593 869 1664; x_wconf 89' lang='lat' dir='ltr'>cadit,</span> <span class='ocrx_word' id='word_1_75' title='bbox 1059 1604 1090 1647; x_wconf 84' lang='lat'>90</span> 
     </span>
     <span class='ocr_line' id='line_1_15' title="bbox 193 1687 853 1748; baseline 0.003 -2"><span class='ocrx_word' id='word_1_76' title='bbox 193 1696 244 1746; x_wconf 84' lang='lat' dir='ltr'>aut</span> <span class='ocrx_word' id='word_1_77' title='bbox 256 1706 273 1746; x_wconf 92' lang='lat' dir='ltr'>e</span> <span class='ocrx_word' id='word_1_78' title='bbox 287 1698 368 1746; x_wconf 92' lang='lat' dir='ltr'>veste</span> <span class='ocrx_word' id='word_1_79' title='bbox 383 1707 436 1746; x_wconf 91' lang='lat' dir='ltr'>sua</span> <span class='ocrx_word' id='word_1_80' title='bbox 451 1687 574 1747; x_wconf 91' lang='lat' dir='ltr'>tendent</span> <span class='ocrx_word' id='word_1_81' title='bbox 588 1690 758 1748; x_wconf 87' lang='lat' dir='ltr'>umbracula</span> <span class='ocrx_word' id='word_1_82' title='bbox 771 1690 853 1748; x_wconf 90' lang='lat' dir='ltr'>sertis</span> 
     </span>
     <span class='ocr_line' id='line_1_16' title="bbox 232 1785 840 1857; baseline 0.003 -14"><span class='ocrx_word' id='word_1_83' title='bbox 232 1785 339 1857; x_wconf 85' lang='lat' dir='ltr'>vincta,</span> <span class='ocrx_word' id='word_1_84' title='bbox 355 1797 511 1844; x_wconf 88' lang='lat' dir='ltr'>coronatus</span> <span class='ocrx_word' id='word_1_85' title='bbox 526 1787 613 1844; x_wconf 90' lang='lat' dir='ltr'>stabit</span> <span class='ocrx_word' id='word_1_86' title='bbox 628 1796 657 1844; x_wconf 92' lang='lat' dir='ltr'>et</span> <span class='ocrx_word' id='word_1_87' title='bbox 671 1796 739 1844; x_wconf 89' lang='lat' dir='ltr'>ante</span> <span class='ocrx_word' id='word_1_88' title='bbox 755 1787 840 1846; x_wconf 87' lang='lat' dir='ltr'>calix.</span> 
     </span>
     <span class='ocr_line' id='line_1_17' title="bbox 194 1883 887 1958; baseline 0.001 -17"><span class='ocrx_word' id='word_1_89' title='bbox 194 1884 232 1941; x_wconf 85' lang='lat' dir='ltr'>At</span> <span class='ocrx_word' id='word_1_90' title='bbox 244 1883 299 1941; x_wconf 91' lang='lat' dir='ltr'>sibi</span> <span class='ocrx_word' id='word_1_91' title='bbox 313 1883 437 1958; x_wconf 91' lang='lat' dir='ltr'>quisque</span> <span class='ocrx_word' id='word_1_92' title='bbox 452 1883 544 1958; x_wconf 89' lang='lat' dir='ltr'>dapes</span> <span class='ocrx_word' id='word_1_93' title='bbox 559 1894 589 1941; x_wconf 92' lang='lat' dir='ltr'>et</span> <span class='ocrx_word' id='word_1_94' title='bbox 602 1883 689 1942; x_wconf 83' lang='lat' dir='ltr'>festas</span> <span class='ocrx_word' id='word_1_95' title='bbox 704 1894 816 1942; x_wconf 88' lang='lat' dir='ltr'>extruet</span> <span class='ocrx_word' id='word_1_96' title='bbox 830 1884 887 1942; x_wconf 86' lang='lat' dir='ltr'>alte</span> 
     </span>
     <span class='ocr_line' id='line_1_18' title="bbox 233 1978 1165 2057; baseline -0.002 -19"><span class='ocrx_word' id='word_1_97' title='bbox 233 1980 391 2055; x_wconf 82' lang='lat' dir='ltr'>cespitibus</span> <span class='ocrx_word' id='word_1_98' title='bbox 407 1999 522 2039; x_wconf 86' lang='lat' dir='ltr'>mensas</span> <span class='ocrx_word' id='word_1_99' title='bbox 536 1982 751 2057; x_wconf 90' lang='lat' dir='ltr'>cespitibusque</span> <span class='ocrx_word' id='word_1_100' title='bbox 766 1991 872 2040; x_wconf 90' lang='lat' dir='ltr'>torum.</span> <span class='ocrx_word' id='word_1_101' title='bbox 1098 1978 1165 2038; x_wconf 89' lang='grc'>(100)</span> 
     </span>
     <span class='ocr_line' id='line_1_19' title="bbox 196 2076 1165 2154; baseline -0.001 -19"><span class='ocrx_word' id='word_1_102' title='bbox 196 2077 270 2136; x_wconf 89' lang='lat' dir='ltr'>Pace</span> <span class='ocrx_word' id='word_1_103' title='bbox 286 2088 335 2135; x_wconf 90' lang='lat' dir='ltr'>tua</span> <span class='ocrx_word' id='word_1_104' title='bbox 349 2088 470 2153; x_wconf 91' lang='lat' dir='ltr'>pereant</span> <span class='ocrx_word' id='word_1_105' title='bbox 484 2096 568 2136; x_wconf 88' lang='lat' dir='ltr'>arcus</span> <span class='ocrx_word' id='word_1_106' title='bbox 581 2088 760 2153; x_wconf 88' lang='lat' dir='ltr'>pereantque</span> <span class='ocrx_word' id='word_1_107' title='bbox 776 2079 906 2154; x_wconf 83' lang='lat' dir='ltr'>sagittae,</span> <span class='ocrx_word' id='word_1_108' title='bbox 1055 2087 1084 2134; x_wconf 83' lang='grc'>95</span> <span class='ocrx_word' id='word_1_109' title='bbox 1101 2076 1165 2135; x_wconf 82' lang='grc'>(105)</span> 
     </span>
     <span class='ocr_line' id='line_1_20' title="bbox 234 2175 947 2247; baseline 0.001 -13"><span class='ocrx_word' id='word_1_110' title='bbox 234 2176 364 2247; x_wconf 88' lang='lat' dir='ltr'>Phoebe,</span> <span class='ocrx_word' id='word_1_111' title='bbox 380 2175 471 2234; x_wconf 92' lang='lat' dir='ltr'>modo</span> <span class='ocrx_word' id='word_1_112' title='bbox 486 2177 515 2234; x_wconf 91' lang='lat' dir='ltr'>in</span> <span class='ocrx_word' id='word_1_113' title='bbox 530 2177 611 2234; x_wconf 92' lang='lat' dir='ltr'>terris</span> <span class='ocrx_word' id='word_1_114' title='bbox 626 2185 700 2233; x_wconf 90' lang='lat' dir='ltr'>erret</span> <span class='ocrx_word' id='word_1_115' title='bbox 715 2177 832 2234; x_wconf 90' lang='lat' dir='ltr'>inermis</span> <span class='ocrx_word' id='word_1_116' title='bbox 847 2179 947 2236; x_wconf 90' lang='lat' dir='ltr'>Amor.</span> 
     </span>
     <span class='ocr_line' id='line_1_21' title="bbox 196 2272 1026 2350; baseline 0.001 -18"><span class='ocrx_word' id='word_1_117' title='bbox 196 2274 247 2332; x_wconf 84' lang='lat' dir='ltr'>Ars</span> <span class='ocrx_word' id='word_1_118' title='bbox 260 2274 358 2333; x_wconf 92' lang='lat' dir='ltr'>bona:</span> <span class='ocrx_word' id='word_1_119' title='bbox 381 2273 434 2332; x_wconf 91' lang='lat' dir='ltr'>sed</span> <span class='ocrx_word' id='word_1_120' title='bbox 448 2284 604 2349; x_wconf 85' lang='lat' dir='ltr'>postquam</span> <span class='ocrx_word' id='word_1_121' title='bbox 618 2275 741 2349; x_wconf 90' lang='lat' dir='ltr'>sumpsit</span> <span class='ocrx_word' id='word_1_122' title='bbox 755 2275 809 2332; x_wconf 87' lang='lat' dir='ltr'>sibi</span> <span class='ocrx_word' id='word_1_123' title='bbox 824 2275 882 2332; x_wconf 88' lang='lat' dir='ltr'>tela</span> <span class='ocrx_word' id='word_1_124' title='bbox 896 2272 1026 2350; x_wconf 89' lang='lat' dir='ltr'>Cupid0‚</span> 
     </span>
     <span class='ocr_line' id='line_1_22' title="bbox 234 2371 939 2446; baseline 0.001 -17"><span class='ocrx_word' id='word_1_125' title='bbox 234 2371 291 2429; x_wconf 92' lang='lat' dir='ltr'>heu</span> <span class='ocrx_word' id='word_1_126' title='bbox 306 2371 365 2429; x_wconf 91' lang='lat' dir='ltr'>heu</span> <span class='ocrx_word' id='word_1_127' title='bbox 379 2390 467 2446; x_wconf 89' lang='lat' dir='ltr'>quam</span> <span class='ocrx_word' id='word_1_128' title='bbox 482 2372 578 2429; x_wconf 91' lang='lat' dir='ltr'>multis</span> <span class='ocrx_word' id='word_1_129' title='bbox 592 2390 637 2428; x_wconf 89' lang='lat' dir='ltr'>ars</span> <span class='ocrx_word' id='word_1_130' title='bbox 652 2371 735 2428; x_wconf 90' lang='lat' dir='ltr'>dedit</span> <span class='ocrx_word' id='word_1_131' title='bbox 748 2372 797 2428; x_wconf 89' lang='lat' dir='ltr'>illa</span> <span class='ocrx_word' id='word_1_132' title='bbox 810 2372 918 2429; x_wconf 84' lang='lat' dir='ltr'>malum</span> <span class='ocrx_word' id='word_1_133' title='bbox 932 2374 939 2430; x_wconf 91' lang='grc' dir='ltr'>Ι</span> 
     </span>
     <span class='ocr_line' id='line_1_23' title="bbox 197 2468 852 2544; baseline 0 -18"><span class='ocrx_word' id='word_1_134' title='bbox 197 2469 233 2526; x_wconf 88' lang='lat' dir='ltr'>At</span> <span class='ocrx_word' id='word_1_135' title='bbox 245 2479 276 2526; x_wconf 95' lang='lat' dir='ltr'>tu</span> <span class='ocrx_word' id='word_1_136' title='bbox 295 2469 380 2544; x_wconf 90' lang='lat' dir='ltr'>(nam</span> <span class='ocrx_word' id='word_1_137' title='bbox 395 2468 495 2526; x_wconf 91' lang='lat' dir='ltr'>divum</span> <span class='ocrx_word' id='word_1_138' title='bbox 509 2478 603 2527; x_wconf 89' lang='lat' dir='ltr'>servat</span> <span class='ocrx_word' id='word_1_139' title='bbox 617 2469 707 2526; x_wconf 90' lang='lat' dir='ltr'>tutela</span> <span class='ocrx_word' id='word_1_140' title='bbox 720 2468 852 2543; x_wconf 88' lang='lat' dir='ltr'>poetas),</span> 
     </span>
     <span class='ocr_line' id='line_1_24' title="bbox 234 2567 1091 2641; baseline 0 -17"><span class='ocrx_word' id='word_1_141' title='bbox 234 2584 424 2641; x_wconf 90' lang='lat' dir='ltr'>praemone0,</span> <span class='ocrx_word' id='word_1_142' title='bbox 438 2567 495 2624; x_wconf 90' lang='lat' dir='ltr'>vati</span> <span class='ocrx_word' id='word_1_143' title='bbox 510 2584 607 2641; x_wconf 90' lang='lat' dir='ltr'>parce,</span> <span class='ocrx_word' id='word_1_144' title='bbox 621 2567 727 2641; x_wconf 88' lang='lat' dir='ltr'>puella,</span> <span class='ocrx_word' id='word_1_145' title='bbox 743 2584 834 2637; x_wconf 89' lang='lat' dir='ltr'>sacro,</span> <span class='ocrx_word' id='word_1_146' title='bbox 1047 2575 1091 2610; x_wconf 85' lang='lat'>¹0⁰</span> 
     </span>
     <span class='ocr_line' id='line_1_25' title="bbox 199 2663 1164 2739; baseline -0.002 -19"><span class='ocrx_word' id='word_1_147' title='bbox 199 2673 228 2721; x_wconf 94' lang='lat' dir='ltr'>ut</span> <span class='ocrx_word' id='word_1_148' title='bbox 241 2664 430 2722; x_wconf 89' lang='lat' dir='ltr'>Messalinum</span> <span class='ocrx_word' id='word_1_149' title='bbox 446 2664 602 2735; x_wconf 91' lang='lat' dir='ltr'>celebrem,</span> <span class='ocrx_word' id='word_1_150' title='bbox 617 2683 686 2721; x_wconf 91' lang='lat' dir='ltr'>cum</span> <span class='ocrx_word' id='word_1_151' title='bbox 700 2665 830 2739; x_wconf 92' lang='lat' dir='ltr'>praemia</span> <span class='ocrx_word' id='word_1_152' title='bbox 843 2664 911 2722; x_wconf 90' lang='lat' dir='ltr'>belli</span> <span class='ocrx_word' id='word_1_153' title='bbox 1100 2663 1164 2719; x_wconf 83' lang='grc'>(115)</span> 
     </span>
     <span class='ocr_line' id='line_1_26' title="bbox 235 2761 810 2836; baseline -0.003 -16"><span class='ocrx_word' id='word_1_154' title='bbox 235 2771 302 2820; x_wconf 89' lang='lat' dir='ltr'>ante</span> <span class='ocrx_word' id='word_1_155' title='bbox 317 2780 386 2819; x_wconf 92' lang='lat' dir='ltr'>suos</span> <span class='ocrx_word' id='word_1_156' title='bbox 400 2780 499 2820; x_wconf 88' lang='lat' dir='ltr'>currus</span> <span class='ocrx_word' id='word_1_157' title='bbox 513 2761 625 2836; x_wconf 89' lang='lat' dir='ltr'>oppida</span> <span class='ocrx_word' id='word_1_158' title='bbox 638 2762 715 2819; x_wconf 88' lang='lat' dir='ltr'>victa</span> <span class='ocrx_word' id='word_1_159' title='bbox 729 2763 810 2832; x_wconf 90' lang='lat' dir='ltr'>seret,</span> 
     </span>
     <span class='ocr_line' id='line_1_27' title="bbox 200 2856 893 2934; baseline 0 -19"><span class='ocrx_word' id='word_1_160' title='bbox 200 2856 257 2933; x_wconf 92' lang='lat' dir='ltr'>ipse</span> <span class='ocrx_word' id='word_1_161' title='bbox 271 2877 375 2934; x_wconf 88' lang='lat' dir='ltr'>gerens</span> <span class='ocrx_word' id='word_1_162' title='bbox 389 2859 502 2917; x_wconf 90' lang='lat' dir='ltr'>laurus:</span> <span class='ocrx_word' id='word_1_163' title='bbox 525 2859 604 2916; x_wconf 88' lang='lat' dir='ltr'>lauro</span> <span class='ocrx_word' id='word_1_164' title='bbox 619 2858 772 2916; x_wconf 91' lang='lat' dir='ltr'>devinctus</span> <span class='ocrx_word' id='word_1_165' title='bbox 788 2858 893 2933; x_wconf 86' lang='lat' dir='ltr'>agresti</span> 
     </span>
     <span class='ocr_line' id='line_1_28' title="bbox 236 2955 914 3031; baseline 0.003 -18"><span class='ocrx_word' id='word_1_166' title='bbox 236 2957 318 3014; x_wconf 92' lang='lat' dir='ltr'>miles</span> <span class='ocrx_word' id='word_1_167' title='bbox 334 2956 398 3014; x_wconf 89' lang='lat' dir='ltr'>‘io&#39;</span> <span class='ocrx_word' id='word_1_168' title='bbox 413 2974 519 3031; x_wconf 85' lang='lat' dir='ltr'>magna</span> <span class='ocrx_word' id='word_1_169' title='bbox 533 2974 605 3014; x_wconf 91' lang='lat' dir='ltr'>voce</span> <span class='ocrx_word' id='word_1_170' title='bbox 622 2955 803 3030; x_wconf 88' lang='lat' dir='ltr'>‘triumphe&#39;</span> <span class='ocrx_word' id='word_1_171' title='bbox 818 2966 914 3015; x_wconf 89' lang='lat' dir='ltr'>canet.</span> 
     </span>
     <span class='ocr_line' id='line_1_29' title="bbox 199 3051 1089 3129; baseline -0.001 -19"><span class='ocrx_word' id='word_1_172' title='bbox 199 3051 272 3112; x_wconf 89' lang='lat' dir='ltr'>Tum</span> <span class='ocrx_word' id='word_1_173' title='bbox 287 3053 414 3111; x_wconf 84' lang='lat' dir='ltr'>Messala</span> <span class='ocrx_word' id='word_1_174' title='bbox 427 3071 510 3112; x_wconf 91' lang='lat' dir='ltr'>meus</span> <span class='ocrx_word' id='word_1_175' title='bbox 524 3054 573 3129; x_wconf 93' lang='lat' dir='ltr'>pia</span> <span class='ocrx_word' id='word_1_176' title='bbox 586 3053 637 3110; x_wconf 90' lang='lat' dir='ltr'>det</span> <span class='ocrx_word' id='word_1_177' title='bbox 651 3053 819 3128; x_wconf 89' lang='lat' dir='ltr'>spectacula</span> <span class='ocrx_word' id='word_1_178' title='bbox 832 3054 934 3112; x_wconf 91' lang='lat' dir='ltr'>turbae</span> <span class='ocrx_word' id='word_1_179' title='bbox 1048 3061 1089 3109; x_wconf 80' lang='grc'>105</span> 
     </span>
     <span class='ocr_line' id='line_1_30' title="bbox 237 3145 1165 3226; baseline -0.003 -18"><span class='ocrx_word' id='word_1_180' title='bbox 237 3160 265 3208; x_wconf 92' lang='lat' dir='ltr'>et</span> <span class='ocrx_word' id='word_1_181' title='bbox 278 3149 400 3226; x_wconf 89' lang='lat' dir='ltr'>plaudat</span> <span class='ocrx_word' id='word_1_182' title='bbox 414 3169 497 3209; x_wconf 92' lang='lat' dir='ltr'>curru</span> <span class='ocrx_word' id='word_1_183' title='bbox 512 3161 714 3225; x_wconf 88' lang='lat' dir='ltr'>praetereunte</span> <span class='ocrx_word' id='word_1_184' title='bbox 730 3160 821 3225; x_wconf 88' lang='lat' dir='ltr'>pater.</span> <span class='ocrx_word' id='word_1_185' title='bbox 1099 3145 1165 3206; x_wconf 81' lang='grc'>(100)</span> 
     </span>
     <span class='ocr_line' id='line_1_31' title="bbox 201 3247 917 3323; baseline 0 -17"><span class='ocrx_word' id='word_1_186' title='bbox 201 3247 319 3306; x_wconf 86' lang='lat' dir='ltr'>Annue:</span> <span class='ocrx_word' id='word_1_187' title='bbox 342 3249 385 3306; x_wconf 93' lang='lat' dir='ltr'>sic</span> <span class='ocrx_word' id='word_1_188' title='bbox 399 3248 450 3306; x_wconf 91' lang='lat' dir='ltr'>tibi</span> <span class='ocrx_word' id='word_1_189' title='bbox 465 3249 521 3307; x_wconf 91' lang='lat' dir='ltr'>sint</span> <span class='ocrx_word' id='word_1_190' title='bbox 536 3249 651 3321; x_wconf 90' lang='lat' dir='ltr'>intonsi,</span> <span class='ocrx_word' id='word_1_191' title='bbox 668 3248 796 3320; x_wconf 92' lang='lat' dir='ltr'>Phoebe,</span> <span class='ocrx_word' id='word_1_192' title='bbox 811 3248 917 3323; x_wconf 90' lang='lat' dir='ltr'>capilli,</span> 
     </span>
     <span class='ocr_line' id='line_1_32' title="bbox 237 3345 815 3422; baseline 0.002 -18"><span class='ocrx_word' id='word_1_193' title='bbox 237 3345 278 3404; x_wconf 91' lang='lat' dir='ltr'>sic</span> <span class='ocrx_word' id='word_1_194' title='bbox 291 3355 344 3404; x_wconf 91' lang='lat' dir='ltr'>tua</span> <span class='ocrx_word' id='word_1_195' title='bbox 356 3355 499 3422; x_wconf 90' lang='lat' dir='ltr'>perpetuo</span> <span class='ocrx_word' id='word_1_196' title='bbox 513 3346 549 3404; x_wconf 91' lang='lat' dir='ltr'>sit</span> <span class='ocrx_word' id='word_1_197' title='bbox 564 3346 615 3405; x_wconf 89' lang='lat' dir='ltr'>tibi</span> <span class='ocrx_word' id='word_1_198' title='bbox 630 3356 710 3404; x_wconf 86' lang='lat' dir='ltr'>casta</span> <span class='ocrx_word' id='word_1_199' title='bbox 724 3364 815 3405; x_wconf 90' lang='lat' dir='ltr'>soror.</span> 
     </span>
    </p>
   </div>
   <div class='ocr_carea' id='block_1_4' title="bbox 513 3573 762 3653">
    <p class='ocr_par' dir='ltr' id='par_1_4' title="bbox 513 3573 762 3653">
     <span class='ocr_line' id='line_1_33' title="bbox 513 3573 762 3653; baseline 0 -19"><span class='ocrx_word' id='word_1_200' title='bbox 513 3576 600 3634; x_wconf 83' lang='lat' dir='ltr'>vni.</span> <span class='ocrx_word' id='word_1_201' title='bbox 647 3573 702 3653; x_wconf 83' lang='lat' dir='ltr'>(m.</span> <span class='ocrx_word' id='word_1_202' title='bbox 718 3573 762 3652; x_wconf 76' lang='lat'>3.)</span> 
     </span>
    </p>
   </div>
   <div class='ocr_carea' id='block_1_5' title="bbox 203 3689 930 3917">
    <p class='ocr_par' dir='ltr' id='par_1_5' title="bbox 203 3689 930 3917">
     <span class='ocr_line' id='line_1_34' title="bbox 203 3689 930 3813; baseline -0.006 -17"><span class='ocrx_word' id='word_1_203' title='bbox 203 3732 278 3810; x_wconf 84' lang='lat' dir='ltr'>Quid</span> <span class='ocrx_word' id='word_1_204' title='bbox 291 3735 413 3813; x_wconf 88' lang='lat' dir='ltr'>prodest</span> <span class='ocrx_word' id='word_1_205' title='bbox 426 3737 540 3794; x_wconf 90' lang='lat' dir='ltr'>caelum</span> <span class='ocrx_word' id='word_1_206' title='bbox 554 3736 627 3794; x_wconf 89' lang='lat' dir='ltr'>votis</span> <span class='ocrx_word' id='word_1_207' title='bbox 643 3736 789 3812; x_wconf 89' lang='lat' dir='ltr'>implesse,</span> <span class='ocrx_word' id='word_1_208' title='bbox 800 3689 930 3808; x_wconf 25' lang='lat' dir='ltr'>‘Neaera</span> 
     </span>
     <span class='ocr_line' id='line_1_35' title="bbox 238 3833 926 3917; baseline 0.007 -25"><span class='ocrx_word' id='word_1_209' title='bbox 238 3835 384 3910; x_wconf 84' lang='lat' dir='ltr'>multaque</span> <span class='ocrx_word' id='word_1_210' title='bbox 396 3852 463 3893; x_wconf 89' lang='lat' dir='ltr'>cum</span> <span class='ocrx_word' id='word_1_211' title='bbox 479 3833 587 3895; x_wconf 81' lang='lat' dir='ltr'>blanda</span> <span class='ocrx_word' id='word_1_212' title='bbox 603 3844 668 3897; x_wconf 89' lang='lat' dir='ltr'>tura</span> <span class='ocrx_word' id='word_1_213' title='bbox 682 3835 805 3899; x_wconf 87' lang='lat' dir='ltr'>dedisse</span> <span class='ocrx_word' id='word_1_214' title='bbox 818 3853 926 3917; x_wconf 87' lang='lat' dir='ltr'>prece,</span> 
     </span>
    </p>
   </div>
   <div class='ocr_carea' id='block_1_6' title="bbox 0 0 1303 4230">
    <p class='ocr_par' dir='ltr' id='par_1_6' title="bbox 0 0 1303 4230">
     <span class='ocr_line' id='line_1_36' title="bbox 0 0 1303 4230; baseline 0 0"><span class='ocrx_word' id='word_1_215' title='bbox 0 0 1303 4230; x_wconf 95' lang='lat' dir='ltr'> </span> 
     </span>
    </p>
   </div>
  </div>
 </body>
</html>
