2558 4230
454 313 507 376 De
528 313 655 376 Rerum
679 315 819 378 Natura.

229 514 283 572 per
296 515 417 572 campos
432 497 573 555 instructa
586 507 636 555 tua
650 498 711 555 sine
726 508 807 574 parte
822 497 931 574 pericli.
1045 575 1048 580 -

230 594 289 653 Sed
304 595 343 651 nil
358 594 471 652 dulcius
487 604 539 666 est,
554 595 631 654 bene
646 613 736 670 quam
750 597 861 654 munita
875 604 976 653 tenere

231 691 311 749 edita
335 690 469 749 doctrina
482 693 656 767 sapientum,
672 693 782 769 templa
796 711 906 764 serena,

231 787 383 864 despicere
398 788 477 846 unde
493 808 583 864 queas
598 791 669 848 alios
684 791 851 866 passimque
864 789 966 848 videre

231 904 324 944 errare
339 896 427 961 atque
441 887 518 944 viam
531 887 653 962 palantis
669 905 807 962 quaerere
822 888 907 960 vitae,

231 993 342 1041 certare
357 984 484 1058 ingenio,
499 984 679 1042 contendere
694 985 855 1056 nobilitate,

230 1092 335 1139 noctes
350 1091 437 1156 atque
453 1081 516 1139 dies
531 1082 584 1140 niti
598 1092 763 1157 praestante
778 1083 877 1140 labore

232 1178 271 1236 ad
287 1197 415 1236 summas
430 1197 578 1254 emergere
593 1198 667 1255 opes
681 1198 835 1254 rerumque
850 1180 947 1256 potiri.

233 1276 262 1335 Ο
277 1276 396 1333 miseras
410 1275 563 1334 hominum
578 1287 701 1350 mentes,
717 1296 736 1335 o
750 1287 872 1353 pectora
886 1279 996 1336 caeca!

233 1373 365 1448 qualibus
381 1373 411 1430 in
425 1374 551 1431 tenebris
564 1375 640 1431 vitae
655 1376 828 1449 quantisque
843 1375 959 1451 periclis

233 1469 349 1546 degitur
363 1469 420 1527 hoc
435 1471 497 1527 aevi
513 1470 771 1545 quodcumquest!
792 1491 891 1530 nonne
905 1472 1004 1530 videre

232 1569 274 1626 nil
288 1568 366 1626 aliud
381 1569 435 1626 sibi
450 1578 582 1626 naturam
596 1569 707 1641 latrare,
722 1570 778 1627 nisi
791 1571 874 1643 utqui

233 1683 356 1739 corpore
371 1666 518 1724 seiunctus
533 1665 617 1724 dolor
631 1667 715 1738 absit,
730 1677 828 1724 mente
843 1667 952 1724 fruatur

233 1761 364 1820 iucundo
379 1781 465 1820 sensu
480 1782 550 1820 cura
563 1774 676 1821 semota
689 1765 849 1838 metuque?

235 1861 314 1933 Ergo
329 1877 501 1933 corpoream
516 1860 554 1918 ad
568 1870 701 1918 naturam
715 1879 810 1936 pauca
823 1860 956 1919 videmus

234 1974 297 2014 esse
312 1975 387 2032 opus
401 1958 532 2029 omnino,
547 1975 622 2032 quae
637 1957 757 2015 demant
771 1977 898 2033 cumque
913 1958 1054 2031 dolorem.

234 2053 363 2111 Delicias
379 2057 501 2128 quoque'
511 2055 552 2112 uti
567 2055 671 2113 multas
686 2056 868 2113 substernere
883 2056 995 2130 possint

234 2151 342 2226 gratius
357 2151 503 2209 interdurn
518 2169 614 2226 neque
629 2161 731 2209 natura
746 2153 808 2228 ipsa
821 2153 957 2227 requirit;

235 2249 259 2307 si
274 2267 334 2306 non
348 2267 435 2306 aurea
450 2259 516 2307 sunt
530 2249 668 2308 iuvenum
682 2251 835 2308 simulacra
849 2268 901 2325 per
916 2247 1005 2306 aedes

234 2345 384 2420 lampadas
400 2347 533 2421 igniferas
548 2347 681 2405 manibus
696 2348 850 2404 retinentia
865 2345 982 2417 dextris,

234 2443 345 2501 lumina
358 2445 507 2501 nocturnis
522 2444 614 2518 epulis
629 2454 661 2501 ut
674 2443 905 2523 suppeditentur,

234 2558 293 2598 nec
307 2539 413 2598 domus
428 2550 548 2616 argento
563 2542 652 2616 fulget
668 2559 797 2615 auroque
811 2539 925 2597 renidet

234 2655 292 2695 nec
306 2637 434 2694 citharae
449 2638 570 2695 reboant
585 2639 719 2713 laqueata
733 2647 889 2712 aurataque
904 2645 990 2708 tecta,

234 2752 304 2791 cum
318 2743 417 2791 tamen
431 2734 506 2791 inter
520 2753 550 2792 se
565 2736 700 2809 prostrati
714 2736 743 2793 in
757 2735 886 2810 gramine
902 2735 982 2792 molli

235 2840 355 2906 propter
368 2849 461 2905 aquae
476 2832 568 2889 rivum
583 2833 637 2890 sub
651 2833 737 2890 ramis
752 2832 861 2889 arboris
875 2831 949 2889 altae

235 2947 296 2987 non
311 2930 422 3003 magnis
436 2930 551 3005 opibus,
567 2930 695 2988 iucunde
710 2948 834 3006 corpora
847 2939 959 3002 curant,

234 3027 404 3100 praesertim
419 3046 487 3084 curn
503 3038 660 3103 tempestas
676 3027 790 3085 adridet
805 3037 834 3085 et
848 3027 917 3085 anni

235 3131 369 3197 tempora
384 3135 580 3198 conspergunt
593 3125 741 3183 viridantis
757 3125 871 3182 floribus
887 3124 999 3182 herbas·

237 3220 303 3276 Nec
318 3220 430 3278 calidae
445 3222 529 3279 citius
544 3221 694 3279 decedunt
708 3240 830 3296 corpore
845 3222 948 3294 febres,

235 3317 380 3374 textilibus
395 3318 418 3374 si
433 3318 462 3374 in
477 3319 595 3391 picturis
610 3329 747 3393 ostroque
762 3319 878 3376 rubenti

235 3414 359 3487 iacteris,
375 3434 463 3490 quam
478 3417 501 3474 si
516 3417 545 3473 in
560 3418 676 3492 plebeia
688 3429 768 3476 veste
783 3418 954 3477 cubandum
969 3427 1022 3477 est.

235 3511 422 3587 Quapropter
436 3513 574 3587 quoniam
590 3515 630 3571 nil
644 3525 743 3572 nostro
758 3516 788 3571 in
802 3533 925 3590 corpore
940 3533 1028 3591 gazae

234 3609 391 3684 proficiunt
405 3627 500 3683 neque
515 3610 651 3668 nobilitas
665 3630 722 3668 nec
736 3612 826 3685 gloria
839 3613 930 3687 regni,

235 3704 317 3780 quod
331 3715 469 3780 superest,
486 3707 584 3764 animo
599 3725 717 3782 quoque
732 3708 772 3765 nil
786 3708 926 3784 prodesse
940 3707 1126 3785 putandum3

236 3801 344 3876 sinon,
359 3802 432 3861 sorte
446 3812 509 3862 tuas
524 3803 653 3879 legiones
667 3822 720 3882 per
733 3804 800 3864 loca
813 3805 911 3884 campi

1115 3861 1117 3866 ,
1138 3818 1169 3864 40
