2558 4230
107 344 161 410 m]
530 330 627 397 Fasti
649 331 683 398 V.
1075 355 1131 401 111

166 531 236 592 Cum
249 541 301 592 tua
315 531 374 592 sint
387 531 554 610 cedantque
568 534 621 593 trbi
634 534 763 594 confinia
776 554 921 610 mensum,
1058 545 1074 595 5

198 631 336 688 convenit
349 631 381 688 in
394 630 497 689 laudes
509 631 556 689 ille
570 632 617 689 vel
630 632 676 690 ille
691 642 764 692 tuas.

163 727 259 786 Circus
273 727 305 785 in
318 727 400 786 hunc
414 728 474 786 exit
487 728 669 805 clamataque
682 731 782 805 palma
794 731 931 791 theatris:

196 823 254 883 hoc
267 841 388 900 quoque
403 842 472 883 cum
487 825 565 884 Circi
579 844 699 884 munere
714 846 833 887 carmen
847 838 904 887 eat

161 921 226 998 Ipsa
238 920 326 994 doce,
341 938 418 997 quae
432 921 480 980 sis.
523 923 689 981 Hominum
702 926 848 983 sententia
860 925 946 984 fallax

194 1019 308 1096 optima
320 1027 353 1077 tu
367 1019 478 1095 proprii
492 1019 619 1078 nominis
634 1029 736 1078 auctor
748 1022 826 1080 eris!
1044 1032 1073 1068 10

160 1115 203 1176 Sic
216 1134 282 1193 ego.
324 1117 373 1176 Sic
387 1116 491 1175 nostris
506 1116 658 1192 respondit
672 1117 740 1175 diva
753 1119 879 1194 rogatis:

195 1212 266 1272 dum
280 1214 417 1290 loquitur,
432 1232 534 1272 vernas
551 1214 630 1272 efflat
644 1215 682 1273 ab
697 1233 746 1273 ore
761 1234 850 1274 rosas.

159 1309 288 1371 ‘Chloris
303 1329 392 1383 eram,
407 1329 482 1387 quae
500 1312 585 1369 Flora
598 1329 698 1369 vocor.
741 1313 885 1388 Corrupta
899 1313 1005 1372 latino

193 1409 321 1467 nominis
335 1418 379 1467 est
392 1408 482 1467 nostri
498 1409 592 1466 littera
607 1409 722 1468 Graeca
736 1428 819 1468 sono.

158 1506 268 1565 Chloris
282 1524 371 1579 eram,
386 1506 516 1582 nymphe
532 1507 629 1581 campi
645 1507 745 1579 felicis,
761 1508 810 1565 ubi
824 1507 908 1567 audis
1044 1517 1072 1567 15

192 1620 255 1662 rem
269 1604 421 1662 fortunatis
435 1613 502 1662 ante
518 1605 604 1662 fuisse
619 1605 695 1663 viris.

158 1699 238 1775 Quae
252 1701 338 1759 suerit
352 1700 423 1758 mihi
437 1701 539 1773 forma,
555 1719 642 1776 grave
658 1711 701 1759 est
715 1720 828 1759 narrare
844 1703 997 1762 modestae

192 1797 246 1857 sed
260 1817 401 1874 generum
416 1800 499 1857 matri
514 1799 642 1875 repperit
657 1800 704 1856 illa
718 1799 817 1858 deum.

158 1895 212 1953 Ver
224 1906 295 1968 erat,
310 1897 461 1954 errabam:
485 1896 634 1971 Zephyrus
650 1897 813 1972 conspexit,
830 1897 956 1958 abibam.

193 1994 367 2068 Insequitur,
382 1994 470 2069 fugio.
515 1995 629 2052 Fortior
645 1995 691 2051 ille
706 1995 768 2053 fuit.
1041 2008 1071 2040 ω

157 2090 192 2148 Et
205 2090 328 2149 dederat
341 2091 419 2149 fratri
435 2092 542 2149 Boreas
557 2091 601 2148 ius
616 2110 705 2149 omne
720 2092 848 2167 rapinae,

191 2206 277 2246 ausus
293 2188 458 2246 Erechthea
472 2189 601 2263 praemia
616 2176 689 2246 ferre
706 2187 806 2248 domo.

156 2284 219 2343 Vim
233 2296 332 2343 tamen
346 2285 485 2343 emendat
499 2283 600 2343 dando
615 2286 685 2343 mihi
701 2288 822 2345 nomina
835 2297 954 2364 nuptae,

191 2381 280 2456 inque
294 2400 362 2440 meo
375 2400 437 2440 non
451 2392 495 2440 est
509 2382 567 2440 ulla
581 2383 709 2457 querella
724 2393 798 2442 toro.

155 2477 227 2536 Vere
241 2479 321 2536 fruor
333 2497 458 2555 semper.
500 2480 621 2555 Semper
636 2480 825 2539 nitidissimus
840 2500 943 2556 annus,
1040 2491 1070 2541 ²5

190 2576 277 2634 arbor
288 2576 377 2634 habet
390 2576 517 2647 frondes,
533 2578 640 2652 pabula
655 2596 775 2653 semper
788 2578 903 2639 humus.

154 2670 204 2730 Est
218 2673 289 2730 mihi
302 2672 445 2732 secundus
460 2673 606 2733 dotalibus
623 2675 721 2734 hortus
737 2677 766 2734 in
783 2677 877 2752 agris:

189 2787 259 2828 aura
272 2771 359 2842 sovet,
372 2771 499 2846 liquidae
514 2772 594 2830 fonte
610 2774 718 2848 rigatur
732 2793 836 2848 aquae.

154 2865 242 2925 Hunc
257 2885 340 2926 meus
354 2868 483 2943 implevit
497 2887 640 2944 generoso
655 2872 726 2930 flore
743 2874 870 2945 maritus,

189 2973 277 3039 atque
291 2965 339 3037 ait,
355 2965 519 3025 ‘arbitrium
533 2977 574 3039 tu,
591 2967 655 3041 dea,
673 2971 749 3028 floris
764 2970 860 3028 habe!
1039 2982 1070 3029 ³0

153 3060 242 3136 Saepe
257 3079 313 3137 ego
328 3062 455 3138 digestos
469 3066 547 3123 volui
564 3087 716 3128 numerare
732 3070 855 3142 colores,

188 3177 246 3217 nec
259 3160 351 3234 potui.
394 3163 525 3221 Numero
542 3168 630 3241 copia
645 3169 737 3226 maior
751 3178 821 3226 erat.

152 3253 280 3315 Roscida
294 3261 502 3335 cumprimum
517 3263 591 3321 soliis
608 3282 732 3322 excussa
749 3265 853 3340 pruina
867 3272 919 3337 est,

189 3364 218 3413 et
231 3356 327 3414 variae
340 3356 427 3416 radiis
442 3359 593 3435 intepuere
610 3380 724 3434 comae,

152 3453 328 3512 conveniunt
341 3455 426 3529 pictis
441 3456 587 3516 incinctae
602 3459 729 3517 vestibus
747 3460 857 3531 Horae,
1036 3467 1065 3516 3⁵

188 3549 277 3625 inque
291 3551 369 3611 leves
385 3553 515 3612 calathos
530 3574 653 3613 munera
667 3565 766 3614 nostra
780 3557 889 3631 legunt.

153 3644 283 3706 Protinus
298 3648 446 3708 accedunt
460 3651 602 3724 Charites,
618 3662 798 3727 nectuntque
813 3670 946 3728 coronas,

189 3755 323 3821 sertaque
338 3747 478 3807 caelestes
492 3749 667 3824 implicitura
681 3768 791 3808 comas.

152 3840 242 3900 Pn'ma
251 3841 469 3925 perrhmensas
483 3846 577 3924 sparsi
591 3865 671 3908 nova
683 3846 801 3910 semina
813 3857 930 3931 gentes.
