2558 4230
37 377 114 444 nn]
515 363 612 427 Fasti
631 365 678 429 Il.
1065 384 1126 451 109

185 565 264 624 quae
277 548 384 624 premit
397 548 520 607 invisam
534 567 635 607 socrus
650 549 750 624 iniqua
763 568 876 609 numm.
1035 559 1064 593 10

138 645 319 704 Tantalidae
333 647 433 705 iratres
448 647 552 719 absint,
567 656 597 705 et
613 648 725 705 Iasonis
739 666 821 720 uxor,

186 754 219 801 et
232 761 307 818 quae
320 744 451 802 ruricolis
466 745 579 802 semina
593 753 668 802 tosta
682 744 774 816 dedit,

141 849 174 898 et
189 858 273 898 soror
285 850 315 898 et
330 842 454 912 P10cne,
467 843 637 916 Tereusque
653 841 765 899 duabus
780 843 905 917 iniquus,

186 947 220 994 et
233 938 410 1013 quicumque
425 956 491 996 suas
505 956 558 1013 per
572 938 668 995 scelus
682 947 770 1013 auget
785 957 867 1014 opes.

142 1035 202 1093 Dis
217 1035 330 1109 generis
344 1035 413 1092 date
428 1046 491 1093 tura
501 1035 594 1093 bonis.
626 1036 796 1095 Concordia
809 1037 898 1095 fertur
1036 1046 1063 1094 Ῑ5

187 1132 236 1189 illa
249 1133 406 1208 praecipue
421 1134 497 1191 mitis
511 1133 617 1192 adesse
630 1134 688 1193 die.

142 1231 184 1288 Et
200 1230 288 1287 libate
302 1229 403 1305 dapes,
419 1239 460 1302 ut,
474 1232 546 1305 grati
561 1232 666 1307 pignus
681 1232 810 1304 honoris,

186 1328 294 1384 nutriat
308 1328 454 1386 incinctos
469 1329 556 1386 missa
570 1330 677 1404 patella
693 1330 790 1387 Lares.

142 1425 271 1499 Iamque
285 1426 334 1484 ubi
349 1425 483 1484 suadebit
497 1426 629 1502 placidos
644 1445 703 1484 nox
718 1426 838 1484 humida
851 1445 980 1500 somnos,

185 1523 264 1597 larga
279 1525 422 1597 precaturi
438 1525 542 1581 sumite
557 1524 623 1581 vina
637 1543 735 1594 manu,
1033 1537 1062 1569 20

141 1629 175 1678 et
191 1620 287 1677 ‘bene
301 1639 361 1691 vos,
376 1621 453 1679 bene
468 1632 506 1691 te,
521 1622 630 1696 patriae
645 1633 736 1696 pater,
751 1622 862 1696 optime
877 1622 986 1681 Caesar
998 1625 1022 1681 l'

185 1717 277 1775 dicite
292 1718 400 1776 suffuso
414 1729 459 1776 ter
471 1719 552 1776 bona
565 1720 652 1777 verba
666 1738 758 1777 mero.

142 1914 218 1971 Nox
231 1913 279 1971 ubi
294 1913 444 1983 transierit,
459 1913 545 1971 solito
560 1914 721 1973 celebretur
735 1914 847 1973 honore

185 2020 301 2084 separat
316 2010 426 2068 indicio
442 2012 491 2085 qui
506 2010 578 2068 deus
592 2030 659 2068 arva
672 2030 735 2068 suo.

139 2108 292 2177 Termine,
308 2107 367 2164 sive
382 2108 465 2183 lapis,
479 2108 539 2165 sive
554 2126 585 2165 es
600 2108 732 2166 defossus
751 2110 780 2166 in
794 2129 864 2185 agro

184 2205 285 2280 stipes,
301 2206 339 2264 ab
353 2206 478 2280 antiquis
493 2214 523 2262 tu
539 2224 657 2280 quoque
672 2225 781 2264 numen
797 2207 895 2266 habes.

140 2304 189 2363 Te
205 2301 265 2360 duo
280 2302 394 2360 diversa
407 2302 520 2359 domini
535 2321 588 2378 pro
603 2315 684 2378 parte
700 2315 850 2376 coronant,

185 2400 312 2474 binaque
327 2411 403 2457 serta
417 2401 468 2458 tibi
482 2401 609 2475 binaque
624 2402 682 2458 liba
696 2401 798 2459 ferunt.

140 2499 204 2556 Ara
217 2497 257 2555 fit.
300 2498 371 2554 Huc
386 2497 484 2572 ignem
499 2509 582 2555 curto
597 2498 650 2555 sert
664 2499 771 2555 rustica
785 2509 860 2558 testu

184 2605 333 2669 sumptum
348 2594 386 2651 de
401 2594 508 2669 tepidis
524 2596 586 2670 ipsa
601 2595 707 2652 colona
721 2597 803 2655 iocis.

143 2691 240 2766 Ligna
253 2710 344 2748 senex
358 2692 471 2759 minuit,
487 2693 665 2766 concisaque
680 2694 821 2750 construit
835 2703 905 2765 arte,

185 2800 215 2846 et
229 2789 323 2847 solida
336 2808 433 2847 ramos
447 2790 535 2864 ligere
551 2801 661 2864 pugnat
676 2790 775 2848 humo

143 2886 223 2943 Tum
237 2886 318 2943 sicco
333 2887 441 2960 primas
455 2887 551 2943 inritat
565 2888 674 2944 cortice
690 2887 838 2946 flammas:

186 2992 241 3040 stat
256 3001 328 3058 puer
342 2994 372 3040 et
387 2984 521 3041 manibus
536 2984 593 3040 lata
607 2985 732 3041 canistra
746 2994 835 3043 tenet.

146 3078 221 3136 Inde
237 3080 286 3137 ubi
300 3091 344 3137 ter
358 3081 454 3154 fruges
469 3080 583 3137 nredios
599 3081 706 3139 inmisit
721 3082 749 3138 in
766 3082 850 3156 igniS,

189 3177 307 3252 porrigit
323 3177 429 3234 incisos
444 3178 501 3234 filia
515 3196 602 3252 pauva
617 3179 705 3235 favos.

147 3273 222 3330 Vina
235 3284 336 3332 tenent
351 3275 406 3332 alii.
450 3276 589 3332 Libautur
603 3275 715 3348 singula
729 3275 860 3334 flaminis.

187 3371 334 3446 Spectant,
349 3382 378 3428 et
393 3372 497 3446 linguis
513 3372 640 3429 candida
653 3373 737 3430 turba
751 3373 837 3430 iavet.

151 3469 294 3545 Spargitur
307 3480 337 3528 et
351 3489 438 3529 caeso
453 3472 618 3529 communis
632 3473 786 3529 Terminus
800 3491 887 3547 agn0,

188 3585 243 3624 nec
257 3569 393 3644 queritur,
407 3568 518 3626 lactens
533 3588 601 3627 cum
616 3569 668 3626 sibi
684 3588 774 3643 porca
788 3569 881 3627 datur.

154 3662 341 3736 Conveniunt,
357 3666 564 3740 celebrantque
580 3666 671 3741 dapes
686 3667 792 3724 vicinia
805 3667 938 3742 simplex,

190 3770 218 3819 et
230 3771 350 3820 cantant
364 3762 474 3833 laudes,
489 3763 627 3821 Termine
642 3775 753 3833 sancte,
769 3775 850 3821 tuas:

158 3856 210 3916 ‘Tu
218 3861 348 3934 populos
362 3860 507 3936 urbesque
521 3872 552 3921 et
565 3881 658 3940 regna
672 3863 808 3942 ingentia
820 3864 912 3927 tinisa
