2558 4230
437 339 565 405 Tibulli
584 340 732 426 Elegiae.

471 567 524 625 IX
569 566 625 641 (111·
641 565 685 644 s)

136 715 200 774 Vos
213 722 303 787 tenet,
319 713 449 773 Etruscis
462 721 562 772 manat
576 732 651 789 quae
666 715 794 773 fontibus
807 712 897 785 unda,

179 811 260 870 unda
272 812 328 870 sub
341 812 481 869 aestivum
494 829 556 869 non
569 811 707 870 adeunda
720 813 843 882 Canem,

138 927 219 968 nunc
230 919 328 967 autem
342 908 431 966 sacris
446 909 580 967 Baiarum
593 911 726 984 proxima
740 909 875 984 lymphis,

180 1025 249 1065 cum
263 1024 295 1064 se
309 1023 455 1081 purpureo
469 1024 536 1063 vere
549 1008 668 1065 remittit
683 1008 806 1066 humus:

139 1113 171 1163 at
183 1104 253 1163 mihi
268 1103 453 1178 Persephone
468 1104 579 1179 nigram
593 1104 745 1163 denuntiat
758 1104 880 1163 horam:

182 1203 314 1261 inmerito
328 1202 425 1259 iuveni
438 1220 526 1277 parce
541 1221 659 1274 nocere,
673 1202 739 1261 dea

140 1302 211 1360 Non
224 1318 281 1376 ego
295 1300 403 1359 tentavi
418 1299 488 1357 nulli
502 1299 672 1359 temeranda
685 1301 812 1358 virorum

181 1397 277 1456 audax
290 1397 454 1456 laudandae
469 1415 551 1455 sacra
564 1397 673 1456 docere
688 1396 772 1468 deae,

140 1514 198 1555 nec
210 1514 279 1554 mea
291 1495 444 1554 mortiferis
458 1495 557 1553 infecit
571 1495 678 1570 pocula
692 1496 786 1553 succis

181 1593 302 1652 dextera
314 1611 371 1651 uec
385 1593 522 1668 cuiquam
536 1593 602 1650 trita
614 1611 729 1650 venena
742 1591 833 1664 dedit,

141 1709 198 1750 nec
211 1709 267 1749 nos
280 1690 411 1766 sacrilegi
425 1691 542 1765 templis
556 1690 738 1748 admovimus
752 1691 843 1764 ignes,

181 1807 237 1847 nec
252 1806 305 1846 cor
318 1788 472 1846 sollicitant
487 1788 563 1845 sacta
576 1786 705 1845 nefanda
718 1806 826 1858 meum,

143 1904 199 1944 nec
213 1904 268 1944 nos
282 1886 401 1943 insanae
416 1884 592 1942 meditantes
606 1885 696 1959 iurgia
709 1885 815 1942 mentis

182 1984 273 2059 impia
287 1984 317 2040 in
332 1982 469 2041 adversos
483 1982 620 2041 solvimus
634 1999 685 2040 ora
698 1981 789 2040 deos:

144 2090 173 2139 et
185 2080 320 2139 noudum
334 2080 401 2138 cani
414 2080 511 2155 nigros
526 2080 634 2137 laesere
650 2079 779 2153 capillos,

181 2197 238 2236 nec
251 2177 332 2236 venit
346 2176 430 2235 tardo
444 2195 532 2234 curva
545 2186 664 2234 senecta
677 2175 764 2251 pede.

147 2276 279 2335 Natalem
294 2275 389 2351 primo
404 2284 533 2332 nostrum
548 2272 647 2331 videre
662 2283 806 2348 parentes,

184 2392 253 2432 cunt
267 2372 377 2430 cecidit
391 2372 450 2429 fato
465 2372 569 2430 consul
582 2381 702 2444 uterque
718 2370 788 2445 pari.

148 2469 224 2545 Quid
238 2469 371 2529 fraudare
386 2470 464 2526 iuvat
476 2469 565 2526 vitem
580 2467 776 2525 crescentibus
790 2466 852 2525 uvis

184 2577 213 2626 et
226 2566 319 2626 modo
333 2577 401 2624 nata
415 2566 491 2623 mala
504 2566 608 2623 vellere
623 2582 713 2639 poma
726 2565 837 2622 manu?

150 2666 268 2735 Parcite,
284 2664 426 2738 pallentes
440 2663 534 2721 undas
550 2663 727 2738 quicumque
742 2660 847 2719 tenetis

185 2762 315 2836 duraque
330 2761 422 2818 sortiti
437 2760 520 2818 tertia
532 2777 622 2833 regna
635 2758 693 2816 dei.

149 2858 258 2935 Elysios
272 2858 343 2917 olim
357 2858 443 2915 liceat
458 2874 637 2932 cognoscere
652 2873 772 2930 campos

186 2956 404 3030 Lethaeamque
418 2964 510 3012 ratem
525 2954 757 3027 Cimmeriosque
772 2953 861 3023 lacus,

149 3071 213 3112 cum
227 3072 296 3111 mea
308 3071 413 3127 rugosa
426 3052 576 3126 pallebunt
589 3069 640 3109 ora
654 3059 773 3109 senecta

185 3165 214 3213 et
227 3154 351 3212 referam
366 3151 462 3227 pueris
476 3161 610 3226 tempora
624 3150 720 3224 prisca
733 3166 832 3205 senex.

149 3253 240 3328 Atque
255 3251 368 3309 utinam
382 3266 458 3306 vano
472 3249 670 3323 nequicquam
685 3257 792 3304 terrear
806 3253 887 3302 aestu
900 3245 906 3302 l

185 3350 324 3425 languent
337 3357 382 3405 ter
395 3347 501 3421 quinos
516 3345 570 3403 sed
585 3363 651 3403 mea
665 3344 796 3402 membra
810 3341 882 3400 dies.

149 3448 185 3505 At
197 3447 279 3505 vobis
293 3447 408 3503 Tuscae
424 3444 608 3502 celebrantur
621 3443 741 3499 numina
755 3439 890 3516 lymphae

187 3555 215 3602 et
229 3543 321 3602 facilis
335 3543 414 3600 lenta
426 3542 541 3616 pellitur
555 3539 635 3597 unda
649 3558 746 3596 manu.

149 3641 239 3699 Vivite
254 3641 363 3710 felices
379 3656 524 3696 memores
539 3648 569 3694 et
582 3638 668 3694 vivite
683 3635 782 3706 nostri,

186 3740 244 3796 sive
260 3738 367 3795 erimus
382 3754 433 3794 seu
448 3753 502 3792 nos
517 3735 576 3791 sata
590 3735 675 3791 luisse
691 3733 788 3791 velint.

150 3834 261 3892 Interea
274 3835 369 3907 nigras
380 3831 515 3907 pecudes
527 3832 692 3908 promittite
709 3830 775 3892 Diti

170 3938 200 3984 et
209 3929 291 3984 nivei
302 3928 386 3986 lactis
399 3931 513 4005 pocula
528 3933 625 3996 mixta
640 3955 741 3997 mer0.
