2558 4230
468 321 596 388 Catulli
622 321 789 390 Carmina.
1088 344 1158 406 [xm.

224 507 338 568 Siccine
353 506 511 568 discedens
524 508 660 586 neglecto
675 509 795 568 numine
810 507 921 582 divum,

223 607 368 666 inmemor
381 606 419 664 ah
433 605 540 665 devota
554 605 676 665 domum
690 606 815 683 periuria
828 604 950 682 portas?
1118 614 1158 661 135

224 703 350 762 Nullane
363 721 409 763 res
423 703 519 779 potuit
533 702 658 761 crudelis
672 702 789 762 flectere
804 703 911 761 mentis

224 801 399 860 consilium?
419 801 472 861 tibi
485 801 564 859 nulla
577 801 629 859 fuit
644 800 800 859 clementia
813 809 940 876 praest0,

223 898 324 957 inmite
338 907 371 957 ut
384 899 474 957 nostri
488 898 574 956 vellet
588 898 775 957 miserescere
790 899 916 975 pectus?

224 998 263 1054 At
276 1013 337 1054 non
351 996 425 1054 haec
439 995 590 1071 quondam
604 995 690 1054 nobis
704 996 846 1070 promissa
860 994 967 1054 dedisti

224 1111 317 1152 voce:
340 1092 411 1151 mihi
425 1112 485 1151 non
499 1093 573 1151 haec
588 1093 711 1152 miserae
725 1111 841 1168 sperare
856 1092 987 1166 iubebas,
1118 1101 1159 1146 140

225 1190 278 1249 sed
292 1190 441 1249 connubia
453 1190 538 1262 laeta,
552 1189 607 1249 sed
621 1199 737 1265 optatos
752 1190 943 1266 hymenaeos,

225 1306 301 1363 quae
316 1296 424 1345 cuncta
437 1289 514 1346 aerei
528 1286 699 1363 discerpunt
712 1287 790 1345 irrita
802 1289 891 1345 venti.

173 1376 303 1541 ,flTum
318 1385 376 1442 iam
390 1385 469 1442 nulla
482 1385 543 1443 viro
557 1384 662 1443 iuranti
676 1384 785 1442 femina
798 1383 909 1457 credat,
930 1368 942 1413 ¹

168 1466 174 1491 ¹
225 1483 305 1542 nulla
317 1482 370 1540 viri
384 1492 482 1558 speret
495 1500 644 1541 sermones
659 1500 722 1540 esse
737 1480 859 1554 fideles;
912 1418 934 1547 l

225 1581 290 1655 quis
304 1580 376 1639 dum
391 1579 501 1656 aliquid
515 1581 638 1655 cupiens
652 1579 766 1638 animus
780 1578 937 1654 praegestit
952 1576 1044 1652 apisci
1120 1585 1160 1633 145

224 1678 266 1736 nil
280 1688 414 1736 metuunt
427 1679 529 1748 iurare,
544 1677 616 1735 nihil
629 1677 798 1752 promittere
812 1685 953 1750 parcunt:
1052 1688 1056 1747 l

227 1773 281 1832 sed
296 1773 380 1830 simul
394 1793 430 1831 ac
444 1772 570 1847 cupidae
586 1773 692 1830 mentis
706 1773 809 1830 satiata
822 1770 914 1830 libido
929 1780 982 1844 est,
1048 1778 1052 1805 ·'

227 1869 307 1927 dicta
320 1870 391 1927 nihil
405 1879 543 1938 metuere,
558 1868 630 1926 nihil
643 1869 768 1943 periuria
781 1877 892 1928 curant.
978 1916 1021 1932 ν
1041 1852 1044 1861 ’

228 1966 315 2025 Certe
330 1984 385 2041 ego
399 1975 428 2024 te
443 1967 473 2023 in
487 1964 587 2023 medio
600 1975 764 2023 versantem
777 1967 891 2024 turbine
905 1965 957 2024 leti

228 2064 329 2138 eripui,
345 2073 374 2121 et
388 2064 483 2138 potius
498 2080 669 2139 germanum
682 2063 814 2121 amittere
829 2064 917 2135 crevi,
1120 2073 1164 2119 150

228 2179 318 2234 quam
331 2160 384 2219 tibi
397 2160 491 2218 sabaei
504 2178 642 2237 supremo
656 2161 686 2219 in
700 2169 833 2236 tempore
848 2159 995 2220 deessem.

229 2258 285 2315 Pro
300 2275 359 2332 quo
374 2255 561 2315 dilaceranda
574 2257 641 2315 feris
656 2256 750 2316 dabor
762 2257 936 2332 alitibusque

228 2352 346 2431 praeda,
362 2371 458 2428 neque
472 2355 580 2413 iniacta
593 2354 759 2413 tumulabor
774 2364 888 2412 mortua
901 2364 985 2412 terra.

228 2450 384 2525 Quaenam
398 2461 427 2509 te
441 2453 541 2528 genuit
554 2453 617 2510 sola
630 2451 685 2511 sub
698 2470 771 2533 rupe
785 2452 896 2523 leaena,

229 2548 311 2623 quod
325 2567 404 2606 mare
419 2559 598 2624 conceptum
612 2550 815 2624 spumantibus
829 2549 930 2624 expuit
943 2548 1039 2621 undis,
1123 2559 1165 2605 155

229 2665 305 2720 quae
320 2647 416 2721 Syrtis,
432 2664 507 2721 quae
522 2647 616 2722 Scylla
628 2665 727 2722 rapax,
743 2664 818 2721 quae
832 2654 913 2703 vasta
926 2643 1079 2721 Carybdis,

229 2744 298 2801 talia
311 2744 361 2818 qui
375 2742 473 2801 reddis
488 2762 541 2819 pro
556 2742 636 2802 dulci
651 2744 780 2819 praemia
794 2743 873 2801 vita?

231 2840 260 2899 Si
274 2840 326 2898 tibi
340 2857 402 2898 non
415 2839 498 2897 cordi
512 2840 625 2898 fuerant
639 2840 787 2898 connubia
801 2849 908 2911 nostra,

230 2955 317 2996 saeva
330 2935 412 3012 quod
426 2937 563 2996 honebas
577 2937 664 3012 prisci
679 2945 838 3012 praecepta
851 2935 988 3011 parentis,

231 3044 261 3092 at
274 3044 373 3093 tamen
386 3035 416 3093 in
430 3045 539 3094 vestras
553 3034 673 3110 potuisti
687 3033 795 3092 ducere
810 3031 905 3104 sedes,

230 3150 306 3207 quae
319 3133 372 3191 tibi
387 3131 517 3191 iocun'do
532 3133 685 3191 famularer
698 3149 781 3189 serva
793 3129 902 3202 labore,

231 3229 359 3287 candida
372 3230 557 3303 permulcens
572 3227 688 3304 liquidis
702 3228 823 3302 vestigia
836 3226 971 3302 lymphis,

230 3343 413 3431 purpureave
426 3336 509 3383 tuum
523 3335 713 3383 consternens
727 3334 807 3382 veste
822 3324 998 3419 cubilem]

231 3414 290 3484 Se‘d
304 3423 376 3499 quid
390 3441 446 3498 ego
461 3408 567 3497 ignaris
580 3422 777 3496 nequicquam
792 3422 956 3496 conquerar
970 3421 1055 3495 auris,

231 3522 380 3579 externata
394 3520 471 3577 malo
473 3536 572 3593 ,quae
586 3519 670 3578 nullis
685 3519 818 3577 sensibus
832 3512 936 3576 alictae

231 3604 288 3676 ne⁴c
302 3617 403 3674 missas
417 3615 517 3673 audire
532 3624 644 3725 queunt
657 3634 715 3674 nec
729 3604 852 3673 reddere
867 3616 978 3695 voces?

232 3714 285 3772 Ille
300 3696 399 3772 autem
413 3729 506 3788 prope
520 3692 578 3771 ia‘m
592 3692 697 3771 mediis
711 3688 839 3771 νετεῖιϊυτ
853 3712 883 3770 in
897 3698 994 3813 undis,

231 3829 288 3871 nec
302 3810 457 3887 quisquam
470 3818 592 3886 apparet
604 3827 697 3869 vacua
690 3778 862 3870 'mortalis
853 3827 884 3868 1n
898 3792 972 3885 alg'a
