2558 4230
465 316 637 400 Propertii
657 316 805 402 Elegiae.

193 501 333 562 Matemis
347 501 451 560 laudor
463 500 588 560 lacrimis
601 501 738 577 urbisque
753 500 896 577 querellis,

233 599 354 657 defensa
368 608 397 656 et
410 599 520 674 gemitu
535 599 667 658 Caesaris
682 617 748 656 ossa
762 617 837 657 mea.

194 697 246 756 Ille
260 715 312 754 sua
325 707 393 754 nata
407 696 525 771 dignam
539 697 643 754 vixisse
659 713 787 754 sororem

232 794 372 870 increpat,
388 803 417 851 et
431 793 563 850 lacrimas
578 793 703 850 vidimus
718 793 757 850 ire
772 791 840 851 deo.

193 893 232 951 Et
245 901 344 948 tamen
359 890 468 948 emerui
482 908 638 965 generosos
653 889 739 948 vestis
755 889 889 962 honores,

232 1006 289 1046 nec
303 1006 370 1045 mea
383 987 421 1046 de
436 988 523 1046 sterili
537 988 615 1045 sacta
627 987 729 1062 rapina
743 986 844 1046 domo

191 1088 247 1158 Tu,
263 1085 385 1160 Lepide,
401 1093 430 1143 et
444 1095 484 1156 tu,
500 1084 607 1155 Paulle,
623 1104 722 1143 meum
735 1095 802 1160 post
816 1085 874 1143 fata
887 1084 1031 1157 levamen,

232 1182 353 1242 condita
365 1193 432 1241 sunt
446 1193 541 1241 vestro
555 1182 665 1240 lumina
678 1192 776 1240 nostra
789 1182 863 1240 sinu.

191 1280 326 1338 Vidimus
341 1289 370 1338 et
386 1281 501 1337 fratrem
517 1279 617 1337 sellam
631 1279 794 1354 geminasse
810 1278 948 1353 curulem,

232 1377 353 1436 consule
367 1395 427 1452 quo
442 1377 519 1435 sacto
535 1386 668 1451 tempore
682 1385 765 1451 rapta
779 1394 869 1435 soror.

193 1476 273 1547 Fiiia,
289 1485 321 1533 tu
335 1475 485 1550 specimen
501 1491 641 1531 censurae
656 1483 724 1531 nata
737 1483 886 1549 paternae,

233 1573 279 1630 fac
293 1582 392 1631 teneas
406 1590 496 1629 unum
512 1589 565 1629 nos
580 1572 691 1629 imitata
705 1572 806 1644 virum,

192 1679 223 1728 et
236 1670 308 1728 serie
322 1670 420 1727 fulcite
434 1687 526 1744 genus
540 1690 546 1727 :
570 1669 641 1726 mihi
657 1670 763 1744 cymba
775 1668 884 1727 volenti

233 1767 350 1824 solvitur
363 1767 488 1824 aucturis
503 1775 547 1823 tot
561 1784 627 1823 mea
641 1766 699 1823 fata
713 1766 795 1824 meis

194 1865 280 1922 Haec
296 1873 339 1921 est
353 1863 471 1921 feminei
485 1882 597 1921 merces
612 1874 742 1921 extrema
756 1863 903 1938 triumphi,

233 1960 331 2019 laudat
345 1961 395 2019 ubi
409 1962 562 2018 emeritum
576 1961 666 2019 libera
680 1962 756 2018 sama
770 1979 882 2036 rogum.

193 2060 282 2117 Nunc
296 2059 347 2116 tibi
362 2056 541 2116 commendo
556 2059 726 2115 communia
740 2059 862 2133 pignora
875 2068 977 2118 natos:

233 2155 307 2212 haec
321 2173 391 2213 cura
405 2165 433 2212 et
450 2155 540 2212 cineri
555 2156 643 2229 spirat
658 2157 753 2214 inusta
766 2173 843 2214 meo.

194 2254 326 2327 Fungere
342 2253 478 2310 maternis
492 2253 612 2323 vicibuS,
628 2263 727 2328 pater:
752 2255 798 2311 illa
811 2271 944 2311 meorum

232 2351 327 2409 omnis
341 2351 393 2408 erit
408 2351 485 2408 collo
499 2350 583 2407 turba
596 2349 717 2408 serenda
730 2360 790 2408 tu0.

192 2448 302 2509 Oscula
316 2466 384 2506 cum
399 2447 515 2506 dederis
530 2457 580 2505 tua
594 2447 737 2520 flentibus,
752 2448 836 2506 adice
852 2447 968 2506 matris:

232 2555 294 2604 tota
308 2544 413 2604 domus
427 2545 525 2619 coepit
539 2563 619 2602 nunc
634 2563 708 2603 onus
723 2563 786 2603 esse
801 2554 893 2603 tuum.

193 2644 232 2701 Et
245 2643 270 2700 si
284 2641 354 2718 quid
370 2642 510 2700 doliturus
525 2643 589 2714 eris,
606 2643 668 2700 sine
683 2642 803 2700 testibus
818 2642 889 2700 illis:

232 2758 301 2798 cum
314 2739 442 2810 venient,
457 2740 542 2797 siccis
557 2740 658 2797 oscula
672 2740 737 2797 salle
751 2740 842 2815 genis

192 2838 240 2897 Sat
254 2837 306 2896 tibi
319 2837 377 2895 sint
390 2846 502 2907 noctes,
517 2853 588 2910 quas
603 2835 642 2892 de
658 2854 715 2905 me,
733 2835 840 2906 Paulle,
858 2834 969 2909 fatiges,

231 2935 403 3011 somniaque
418 2935 448 2993 in
463 2934 568 2992 faciem
583 2933 694 2992 credita
707 2951 795 3009 saepe
811 2952 925 2991 meam:

190 3014 278 3108 atoue
293 3033 343 3091 ubi
357 3042 471 3090 secreto
486 3040 585 3089 nostra
598 3031 637 3089 ad
651 3032 804 3089 simulacra
816 3031 953 3106 loqueris,

231 3139 263 3187 ut
276 3147 467 3204 responsurae
482 3129 595 3204 singula
607 3129 696 3187 verba
710 3130 782 3187 iace.

190 3226 249 3286 Seu
262 3236 360 3284 tamen
375 3226 529 3284 adversum
544 3226 660 3284 mutarit
674 3227 760 3284 ianua
773 3226 892 3297 lectum,

231 3322 338 3381 sederit
352 3333 381 3380 et
396 3333 495 3381 nostro
511 3332 596 3380 cauta
609 3340 735 3380 noverca
749 3332 822 3394 tom,

190 3420 368 3496 coniugium,
383 3420 473 3495 pueri,
490 3419 606 3477 laudate
621 3430 650 3478 et
664 3420 734 3478 ferte
749 3430 922 3495 paternum:

231 3526 318 3592 capta
332 3515 412 3575 dabit
426 3517 526 3576 vestris
540 3517 668 3576 moribus
682 3518 730 3575 illa
743 3535 855 3575 manus

191 3613 257 3673 Nec
272 3623 395 3671 matrem
409 3612 525 3671 laudate
540 3614 644 3672 nimis:
667 3613 772 3672 collata
785 3613 873 3688 priori

229 3720 323 3770 vertet
336 3711 366 3769 in
380 3710 504 3770 offensas
519 3711 610 3769 libera
623 3712 711 3770 verba
725 3729 800 3769 suas.

189 3807 248 3870 Seu
262 3825 375 3867 memor
388 3808 436 3868 ille
450 3826 518 3868 mea
531 3817 687 3867 contentus
701 3807 839 3867 manserit
853 3806 957 3867 umbra
