2558 4230
441 331 570 399 catulli
596 331 764 400 Camino.

199 519 311 579 ‘lhesea
325 537 381 579 eeu
395 519 496 595 pulsae
511 530 664 579 ventorum
679 519 797 578 flamine
812 518 905 578 nubes

201 634 314 675 aereum
328 617 406 674 nivei
420 617 528 675 montis
542 617 652 692 liquere
667 634 822 674 cacumen.
1005 681 1014 709 x

202 715 236 770 At
248 724 339 788 pater,
354 723 386 771 ut
400 733 516 772 summa
530 723 719 788 prospectum
733 732 770 771 ex
784 731 851 771 arce
866 712 995 788 petebat,

202 811 282 867 anxia
295 811 326 868 in
340 810 474 868 assiduos
488 812 646 869 absumens
660 811 771 868 lumina
784 810 879 882 fletus,

202 925 265 964 cum
279 908 406 983 primum
421 907 512 966 inflati
526 908 681 982 conspexit
694 907 784 966 lintea
797 907 862 978 veli,

203 1006 388 1080 praecipitem
403 1022 467 1062 sese
481 1005 670 1080 scopulorum
685 1022 701 1062 e
715 1006 823 1063 vertice
838 1004 916 1077 iecit,

204 1102 337 1160 amissum
354 1101 479 1160 credens
493 1102 587 1160 inmiti
600 1102 718 1160 Thesea
728 1104 799 1160 sato.

204 1197 247 1256 Sic
260 1198 376 1256 funesta
389 1198 495 1257 domus
509 1199 654 1274 ingressus
667 1208 748 1258 tecta
761 1178 883 1274 patema

204 1305 293 1354 morte
307 1295 389 1353 ferox
401 1295 534 1354 Theseus
548 1296 666 1371 qualem
680 1296 807 1354 Minoidi
820 1296 932 1355 luctum

204 1392 343 1450 obtulerat
356 1403 456 1451 mente
470 1393 624 1451 inmemori
637 1393 726 1451 talem
740 1393 803 1469 ipse
817 1394 937 1468 recepit.

205 1489 285 1564 Quae
300 1500 400 1548 tamen
414 1500 568 1565 aspectans
582 1488 739 1548 cedentem
756 1500 867 1548 maesta
881 1490 1009 1548 carinam

204 1587 373 1662 multiplices
387 1588 486 1646 animo
501 1586 636 1646 volvebat
649 1587 747 1645 saucia
760 1605 855 1647 curas.

206 1688 241 1744 At
254 1695 336 1761 parte
352 1704 389 1744 ex
402 1686 458 1743 alia
471 1686 577 1744 florens
591 1686 730 1744 volitabat
747 1685 871 1744 Iacchus

206 1801 271 1840 cum
284 1783 379 1841 thiaso
394 1784 560 1858 Satyrorum
574 1793 604 1841 et
619 1783 775 1858 Nysigenis
789 1783 902 1854 silenis,

205 1889 232 1937 te
245 1898 398 1955 quaerens,
412 1880 548 1952 Ariadna,
564 1891 674 1955 tuoque
689 1881 825 1938 incensus
839 1897 949 1938 amore.

207 1977 263 2052 Qui
277 1988 340 2036 tum
354 1978 464 2036 alacres
478 1978 586 2053 passim
601 1978 750 2053 lymphata
763 1988 862 2035 mente
877 1977 1011 2036 furebant

207 2075 297 2133 evohe
311 2075 499 2148 bacchantes,
516 2075 609 2134 evohe
625 2075 723 2150 capita
736 2075 928 2134 inflectentes.

208 2173 319 2230 Harum
334 2190 400 2248 pars
414 2182 493 2231 tecta
506 2173 678 2248 quatiebant
692 2172 815 2247 cuspide
829 2173 952 2248 thyrsos,

207 2287 270 2345 pars
284 2288 301 2327 e
317 2269 430 2328 divulso
444 2271 591 2329 iactabant
604 2270 737 2328 membra
751 2271 885 2342 iuvenc0‚

207 2384 270 2441 pars
284 2384 349 2425 sese
363 2367 445 2425 tortis
459 2368 642 2442 serpentibus
656 2367 853 2442 incingebant,

207 2481 270 2538 pars
284 2464 410 2523 obscura
423 2464 501 2523 cavis
516 2464 705 2523 celebrabant
719 2464 800 2539 orgia
813 2464 901 2536 cistis,

208 2560 294 2636 orgia,
309 2579 385 2635 quae
400 2560 502 2618 frustra
516 2561 637 2636 cupiunt
651 2559 753 2618 audire
766 2561 889 2634 profani,

208 2659 383 2734 plangebant
396 2658 468 2716 aliae
482 2659 611 2733 proceris
625 2667 766 2733 tympana
779 2659 890 2733 palmis,

207 2765 256 2813 aut
268 2756 353 2814 tereti
366 2755 461 2813 tenuis
475 2756 595 2814 tinnitus
610 2773 677 2812 aere
692 2755 818 2825 ciebant,

208 2852 303 2911 multis
316 2852 485 2911 raucisonos
500 2853 639 2911 efflabant
654 2871 764 2910 cornua
778 2852 903 2911 bombos

208 2949 386 3024 barbaraque
400 2949 528 3009 horribili
541 2949 682 3008 stridebat
696 2949 766 3006 tibia
780 2959 879 3007 cantu.

208 3047 325 3105 Talibus
338 3046 484 3122 amplifice
498 3047 585 3106 vestis
600 3047 740 3105 decorata
754 3047 851 3121 figuris

208 3144 339 3220 pulvinar
352 3145 508 3220 complexa
521 3162 575 3202 suo
588 3144 704 3202 velabat
718 3143 837 3201 amictu.

208 3242 294 3316 Quae
307 3252 464 3317 postquam
478 3239 586 3316 cupide
600 3239 765 3316 spectando
779 3239 919 3298 Thessala
932 3239 1026 3316 pubes

208 3339 324 3415 expleta
337 3347 390 3410 est,
405 3339 513 3396 sanctis
527 3339 627 3412 coepit
642 3336 788 3394 decedere
804 3336 886 3395 divis.

170 3430 180 3499 1
208 3436 279 3507 Hic,
294 3435 386 3510 qualis
401 3435 468 3493 flatu
482 3435 632 3511 placidum
646 3452 725 3491 mare
740 3433 883 3490 matutino

168 3512 177 3617 Γ
208 3533 376 3592 horrificans
390 3532 538 3607 Zephyrus
552 3531 695 3606 proclivas
710 3531 810 3588 incitat
824 3528 927 3603 undas,

165 3624 171 3687 :²
207 3631 321 3688 Aurora
333 3629 482 3688 exoriente
496 3628 561 3703 vagi
575 3628 630 3687 sub
644 3628 742 3684 limina
757 3627 839 3698 Solis,

164 3708 167 3715 ¹
207 3743 285 3802 quae
303 3724 387 3785 tarde
406 3726 534 3801 primum
548 3724 685 3782 clementi
699 3724 815 3781 flamine
829 3724 931 3797 pulsae

157 3818 163 3891 J
207 3820 382 3900 procedunt,
396 3821 497 3880 leviter
510 3831 648 3881 resonant
662 3821 801 3897 plangore
818 3819 963 3895 cachinni,
