2558 4230
480 329 587 395 Liber
608 327 764 410 Quintus.

170 513 328 592 prendere,
343 533 382 574 ne
395 514 483 591 longe
498 515 620 574 nimium
635 515 671 573 sit
685 515 819 591 proxima
831 514 936 574 tellus!
1061 511 1092 557 ⁸⁰

215 613 242 672 F
241 613 299 672 isus
313 623 423 673 cuncta
436 613 491 672 sibi
504 629 622 671 cessura
635 612 764 688 pericula
778 612 895 683 Caesar,

167 712 299 786 ‘sperne
314 711 428 781 minas,'
442 709 545 785 inquit,
560 709 684 785 ‘pelagi
698 720 845 784 ventoque
860 709 965 767 furenti

165 807 257 866 trade
271 808 377 866 sinum.
420 807 535 866 Italiam
548 807 572 866 si
587 807 672 866 coelo
687 817 805 865 auctore
820 824 946 877 recusas,

166 923 224 964 me
238 917 317 980 pete.
360 905 428 964 Sola
441 905 493 963 tibi
508 922 613 963 caussa
626 905 700 962 haec
716 913 760 962 est
774 904 848 962 iusta
861 904 981 973 timoris,

163 1013 326 1062 vectorem
340 1020 401 1062 nou
415 1020 502 1062 nosse
517 1012 609 1073 tuum,
625 1019 715 1077 quem
729 1001 850 1058 numina
864 1019 1025 1076 numquam
1063 1010 1092 1068 ⁸5

165 1099 347 1172 destituunt,
362 1098 401 1158 de
415 1118 475 1176 quo
489 1100 565 1159 male
580 1109 652 1157 tunc
667 1099 798 1156 Fortuna
813 1110 946 1168 meretur,

164 1216 244 1256 cum
258 1209 327 1273 post
340 1209 410 1259 vota
422 1198 510 1257 venit
555 1197 673 1255 Medias
688 1213 843 1271 perrumpe
859 1195 1010 1271 procellas,

163 1295 267 1353 tutela
279 1313 382 1355 secure
396 1313 472 1354 mea.
515 1294 600 1354 Coeli
614 1294 668 1352 iste
684 1293 817 1368 fretique,

167 1411 236 1452 non
250 1394 360 1469 puppis
373 1404 497 1465 nostrae,
512 1393 594 1452 labor
608 1402 670 1450 est:
696 1390 773 1448 hanc
789 1391 914 1449 Caesare
929 1407 1059 1465 pressam

171 1508 195 1548 a
207 1489 299 1549 fluctu
312 1489 453 1549 desendet
466 1508 550 1549 onus.
593 1490 659 1547 Nec
674 1488 762 1564 longa
775 1487 864 1546 furori
1063 1497 1094 1543 ⁹⁰

170 1596 331 1646 ventomm
344 1604 433 1646 saevo
447 1585 562 1647 dabitur
576 1605 676 1646 mora:
700 1584 830 1661 proderit
845 1584 932 1644 undis

173 1683 232 1742 ista
244 1685 322 1742 ratis.
364 1684 412 1744 Ne
427 1683 512 1744 flecte
526 1702 648 1743 manus:
671 1683 738 1759 fuge
754 1684 887 1759 proxima
901 1683 972 1742 velis

175 1780 279 1839 litora:
302 1791 365 1840 tum
379 1781 504 1841 Calabro
517 1791 605 1857 portu
618 1791 648 1839 te
662 1780 751 1839 crede
768 1782 903 1856 potitum,

179 1895 248 1936 cum
262 1878 320 1937 iam
333 1896 395 1937 non
408 1879 515 1954 poterit
528 1880 621 1955 puppi
635 1889 809 1954 nostraeque
825 1879 910 1937 saluti

180 1975 269 2032 altera
282 1985 357 2033 terra
370 1974 441 2034 dari.
484 1975 565 2050 Quid
580 1986 659 2035 tanta
673 1986 766 2052 strage
782 1986 907 2052 paretur,
1065 1984 1095 2033 95

180 2071 316 2147 ignoras?
357 2072 480 2147 Quaerit
494 2073 588 2150 pelagi
603 2073 738 2148 coelique
754 2075 878 2132 tumultu

183 2170 252 2245 quid
266 2180 393 2245 praestet
408 2171 536 2229 Fortuna
550 2171 640 2230 mihi!
683 2172 753 2229 Non
768 2173 850 2248 plura
864 2174 963 2233 locuto

183 2267 283 2325 avulsit
296 2268 417 2338 laceros,
433 2286 570 2344 percussa
584 2286 693 2344 puppe,
709 2268 847 2329 rudentes

184 2365 265 2422 turbo
280 2383 377 2440 rapax,
392 2366 580 2442 fragilemque
594 2385 682 2442 super
698 2368 845 2426 volitantia
860 2371 970 2430 malum

184 2462 245 2519 vela
258 2462 340 2520 tulit:
364 2463 461 2521 sonuit
474 2464 557 2522 victis
571 2465 763 2540 compagibus
780 2466 870 2525 alnus.
1055 2477 1097 2513 ¹00

186 2558 257 2617 Inde
272 2569 360 2617 munt
373 2570 436 2618 toto
451 2570 592 2636 congesta
605 2562 735 2637 pericula
752 2563 872 2622 mundo.

185 2655 294 2715 Primus
309 2656 347 2715 ab
362 2657 486 2717 Oceano
500 2669 589 2734 caput
602 2661 695 2719 exeris
710 2663 855 2735 Atlanteo,

185 2753 269 2825 Core,
284 2771 406 2813 movens
420 2766 533 2815 aestus:
556 2758 614 2816 iam
629 2769 658 2817 te
673 2760 792 2819 tollente
807 2762 919 2821 furebat

184 2861 299 2926 pontus,
315 2862 344 2910 et
358 2852 388 2910 in
402 2853 540 2928 scopulos
554 2865 629 2915 totas
645 2869 776 2917 erexerat
791 2858 895 2918 undas.

185 2947 318 3007 Occurrit
331 2949 445 3025 gelidus
460 2953 577 3024 Boreas,
592 2955 770 3031 pelagusque
785 2955 932 3016 retundit:

186 3056 212 3103 et
225 3045 349 3105 dubium
363 3047 484 3123 pendet,
498 3062 588 3110 vento
602 3053 649 3110 cui
663 3063 772 3128 pareat,
787 3071 905 3129 aequor.

186 3141 241 3201 Sed
256 3143 384 3220 Scythici
398 3147 468 3205 vicit
481 3148 574 3207 rabies
590 3149 750 3224 Aquilonis,
766 3159 795 3208 et
809 3150 903 3209 undas

186 3241 285 3316 torsit,
306 3251 337 3301 et
349 3243 494 3304 abstrusas
508 3246 626 3322 penitus
639 3245 715 3304 vada
729 3246 799 3305 secit
811 3265 922 3306 arenas.

570 3406 693 3473 uant-

224 3549 326 3610 Credit
340 3551 399 3610 iam
413 3551 502 3628 digna
516 3553 646 3627 pericula
660 3554 769 3612 Caesar

187 3644 247 3706 latis
261 3666 326 3707 esse
340 3649 408 3708 suis.
450 3650 617 3708 ‘Tantusne
632 3652 780 3720 evertere‚'
795 3650 877 3721 dixit,
1056 3661 1098 3694 110

188 3743 251 3803 ‘me
265 3746 378 3821 superis
392 3745 473 3804 labor
487 3756 549 3806 est:
572 3764 660 3822 parva
674 3765 762 3822 quem
777 3764 878 3823 puppe
892 3745 1046 3806 sedentem

187 3844 244 3898 tarn
257 3859 366 3917 magno
375 3843 490 3919 petiere
504 3844 599 3905 mari?
639 3843 670 3906 Si
685 3842 778 3923 gloria
788 3844 844 3906 leti
