2558 4230
355 396 357 400 ,
462 304 594 368 Lucani
614 302 804 367 Pharsalia.

189 493 340 566 Europam
354 490 460 562 miseri,
477 491 668 566 Libyamque,
683 488 840 563 Asiamque
855 486 975 546 timete:

187 588 333 649 distribuit
348 589 476 647 tumulos
490 588 590 646 vestris
605 589 734 646 Fortuna
748 585 909 659 triumphis.
957 619 959 623 ·

188 688 217 748 O
231 685 397 745 miseranda
413 685 528 757 domus,
544 695 607 743 toto
621 684 692 742 nihil
706 683 776 742 orbe
791 681 905 741 videbis
1076 684 1107 735 45

187 785 276 844 tutius
291 783 446 842 Emathia.¹
489 784 537 842 Sic
551 792 707 858 postquam
722 781 780 838 sata
793 780 915 855 peregit,

188 891 245 941 stat
258 882 337 941 vultu
352 891 481 940 moestus
497 881 596 952 tacito,
612 889 795 955 mortemque
809 875 947 953 reposcit.

568 1139 707 1167 -οοο-

511 1360 618 1410 LIBER
640 1358 767 1409 NONUS.

605 1521 676 1575 1-35.

189 1666 236 1725 AT
248 1682 309 1723 non
323 1664 354 1722 in
368 1662 471 1723 Pharia
485 1679 586 1720 manes
601 1661 716 1719 iacuere
733 1658 836 1731 favilla,

188 1780 247 1820 nec
261 1762 334 1822 cinis
350 1762 470 1836 exiguus
485 1769 595 1817 tantam
611 1758 795 1833 compescuit
810 1755 953 1814 umbram.

191 1859 326 1918 Prosiluit
339 1858 434 1930 busto,
450 1859 645 1932 semiustaque
661 1855 794 1914 membra
809 1853 986 1928 relinquens,

191 1955 428 2031 degeneremque
443 1974 555 2030 rogum,
571 1955 701 2030 sequitur
715 1970 847 2011 convexa
862 1948 1015 2023 Tonantis,

191 2072 251 2128 qua
264 2054 345 2128 niger
359 2053 492 2110 astriferis
508 2052 693 2110 connectitur
706 2051 807 2108 axibus
822 2067 880 2121 aer,
1094 2051 1111 2104 5

191 2169 308 2226 quaque
323 2160 403 2225 patet
417 2161 506 2208 terras
520 2150 596 2208 inter
609 2151 753 2224 lunaeque
770 2160 902 2220 meatus;

196 2248 335 2326 (semidei
350 2267 451 2307 manes
465 2249 604 2320 habitant,
620 2266 694 2326 quos
708 2250 795 2323 ignea
808 2249 896 2306 virtus

192 2347 335 2404 innocuos
349 2348 407 2404 vita
421 2348 564 2422 patientes
579 2347 703 2405 aetheris
718 2347 768 2404 imi

193 2445 278 2518 fecit)
298 2454 327 2501 et
341 2456 475 2502 aeternos
489 2445 616 2501 animam
631 2444 748 2519 collegit
763 2445 793 2502 in
808 2444 903 2503 orbes.

194 2542 265 2599 Non
279 2541 345 2598 illuc
360 2560 430 2599 auro
444 2542 540 2616 positi,
555 2559 611 2598 nec
626 2551 688 2600 ture
704 2541 809 2618 sepulti

193 2639 375 2714 perveniunt.
419 2640 481 2697 Illic
496 2648 652 2714 postquam
669 2657 701 2697 se
715 2640 824 2698 lumine
839 2658 908 2699 vero

193 2735 333 2810 implevit,
348 2736 501 2810 stellasque
516 2754 602 2811 vagas
617 2736 743 2807 miratur,
763 2748 793 2795 et
807 2748 883 2796 astra

193 2833 252 2890 fixa
265 2833 349 2907 polis,
364 2832 435 2890 vidit
449 2841 558 2908 quanta
571 2833 625 2891 sub
639 2844 728 2892 nocte
747 2837 854 2894 iaceret

194 2940 294 2988 nostra
308 2930 380 3001 dies,
395 2931 512 3006 risitque
527 2930 571 2989 sui
585 2930 709 2990 ludibria
726 2934 830 2992 trunci.

197 3027 278 3084 Hinc
293 3045 380 3101 super
395 3027 548 3085 Emathiae
562 3047 693 3104 campoS,
710 3041 739 3089 et
754 3031 836 3106 signa
850 3028 963 3087 cruenti
1084 3035 1113 3084 ι5

195 3123 336 3192 Caesaris,
352 3143 387 3181 ac
402 3143 514 3199 sparsas
527 3126 655 3185 volitavit
671 3128 701 3185 in
716 3145 842 3202 aequore
858 3126 974 3199 classes,

195 3228 226 3278 et
239 3221 381 3278 scelerum
396 3221 503 3280 vindex
517 3224 547 3281 in
564 3234 667 3283 sancto
682 3234 802 3299 pectore
817 3224 898 3282 Bruti

195 3316 280 3388 sedit,
296 3327 325 3374 et
339 3318 437 3376 invicti
451 3322 548 3394 posuit
564 3340 595 3380 se
610 3332 708 3380 mente
724 3322 854 3381 Catonis.

196 3413 258 3484 Ille,
273 3415 324 3473 ubi
338 3415 507 3489 pendebant
523 3436 616 3488 casus,
632 3417 813 3492 dubiumque
829 3417 976 3490 manebat,

195 3528 285 3585 quem
299 3513 401 3570 mundi
417 3513 569 3572 dominum
584 3515 713 3574 iacerent
727 3516 821 3573 civilia
835 3514 919 3586 bella,
1081 3521 1113 3558 ¹⁰

195 3606 298 3679 oderat
312 3620 341 3668 et
357 3613 508 3686 Magnum,
524 3613 655 3687 quamvis
671 3630 771 3670 comes
786 3614 854 3670 isset
868 3613 898 3670 in
912 3629 995 3670 arma

194 3706 331 3782 aqspiciis
346 3718 445 3782 raptus
460 3708 577 3782 patriae,
594 3708 743 3783 ductuque
759 3719 894 3768 senatus:

195 3811 226 3862 at
235 3811 307 3878 post
320 3803 502 3872 Thessalicas
517 3803 616 3876 clades
631 3805 689 3878 iam
702 3816 822 3882 pectore
836 3815 900 3878 toto
