2558 4230
110 342 139 406 n]
458 327 586 394 Tibulli
607 329 755 415 Elegabe.
1090 348 1128 415 55

167 513 225 573 ‘hic
238 514 316 574 iacet
329 514 425 574 inmiti
439 525 629 591 consumptus
644 525 737 576 morte
750 516 891 591 Tibullus,
1078 514 1128 575 (55)

201 613 359 671 Messalam
372 622 449 671 terra
461 613 534 671 dum
547 613 733 689 sequiturque
748 615 840 673 mari)

163 709 219 770 Sed
232 728 289 781 me,
304 709 388 785 quod
401 709 493 767 facilis
506 719 608 768 tenero
622 729 686 769 sum
701 730 817 788 semper
829 712 940 786 Amori,
1042 721 1072 770 55

199 809 263 883 ipsa
275 809 378 866 Venus
392 825 512 882 campos
527 807 616 866 ducet
630 809 660 865 in
675 809 798 884 Elysios.

163 907 221 964 Hic
236 906 362 963 choreae
377 915 538 980 cantusque
551 906 659 982 vigent,
674 908 842 983 passimque
855 918 994 984 vagantes

199 1003 286 1062 dulce
301 1013 408 1061 sonant
421 1003 502 1061 tenui
516 1013 629 1078 gutture
644 1022 762 1061 carmen
777 1023 854 1077 aves,
1078 1003 1128 1063 (⁶0)

161 1101 214 1158 sert
228 1101 338 1159 casiam
352 1119 412 1159 non
427 1101 506 1158 culta
519 1119 612 1176 seges,
627 1111 763 1176 totosque
778 1120 830 1178 per
843 1120 928 1178 agros

200 1198 283 1256 floret
296 1197 425 1257 odoratis
438 1209 515 1256 terra
527 1199 655 1274 benigna
668 1199 759 1258 rosis:
1040 1221 1072 1267 ⁶0

162 1314 195 1353 ac
209 1296 347 1373 iuvenum
361 1296 450 1354 series
464 1296 571 1354 teneris
586 1297 708 1354 inmixta
721 1297 825 1372 puellis

200 1392 283 1464 ludit,
298 1403 328 1451 et
341 1392 457 1451 assidue
472 1393 580 1468 praelia
593 1394 698 1452 miscet
710 1397 810 1454 Amor.

162 1490 224 1548 Illic
238 1500 292 1562 est,
307 1491 483 1566 cuicumque
496 1510 587 1567 rapax
601 1510 679 1550 mors
692 1493 772 1550 venit
786 1492 903 1565 amanti,
1078 1490 1128 1548 (⁶5)

200 1598 230 1647 et
243 1589 316 1664 gerit
329 1589 435 1663 insigni
449 1599 560 1665 myrtea
573 1600 649 1647 serta
663 1608 758 1648 coma.

161 1688 200 1743 At
213 1686 353 1744 scelerata
366 1686 443 1744 iacet
456 1685 542 1745 sedes
556 1688 586 1744 in
600 1697 688 1744 nocte
703 1686 848 1762 profunda
1042 1685 1072 1743 ⁶5

201 1782 309 1854 abdita,
323 1802 413 1858 quam
427 1784 537 1842 circum
551 1783 670 1842 flumina
684 1785 764 1859 nigra
777 1793 902 1843 sonant:

161 1880 379 1956 Tisiphoneque
393 1881 511 1956 impexa
524 1882 599 1939 feros
613 1899 667 1956 pro
681 1882 807 1940 crinibus
820 1899 931 1957 angues

201 1979 299 2050 saevit,
315 1989 344 2036 et
358 1979 416 2036 huc
430 1979 497 2037 illuc
512 1979 601 2054 impia
615 1979 698 2037 turba
711 1979 801 2054 fugit:

162 2083 231 2133 tunc
244 2076 326 2151 niger
339 2077 370 2134 in
383 2086 467 2152 porta
480 2087 648 2152 serpentum
662 2076 806 2135 Cerberus
819 2093 871 2134 ore

201 2172 304 2231 stridet
318 2183 348 2231 et
361 2183 472 2232 aeratas
487 2174 613 2232 excubat
627 2184 694 2231 ante
708 2173 794 2232 sores.

164 2269 225 2328 Illic
240 2271 386 2328 Iunonem
400 2281 542 2346 temptare
558 2271 667 2329 Ixionis
682 2271 744 2328 ausi

200 2377 350 2425 versantur
364 2367 450 2424 celeri
464 2369 552 2425 noxia
566 2368 697 2426 membra
710 2377 782 2438 rota,

163 2474 369 2539 porrectusque
383 2482 491 2522 novem
504 2465 606 2540 Tityos
620 2482 673 2539 per
686 2466 785 2539 iugera
798 2474 890 2522 terrae

200 2560 331 2619 assiduas
345 2572 407 2619 atro
421 2562 531 2620 viscere
545 2563 638 2637 pascit
652 2579 728 2620 aves.

162 2658 301 2717 Tantalus
315 2658 439 2729 estillic,
455 2669 484 2716 et
499 2653 609 2716 circum
623 2667 742 2734 stagna:
765 2657 819 2717 sed
836 2676 936 2731 acrem

201 2756 259 2813 iam
274 2757 333 2813 iam
345 2757 441 2831 poturi
458 2754 564 2813 deserit
578 2755 658 2813 unda
672 2756 767 2813 sitim:

164 2863 193 2912 et
206 2854 301 2912 Danai
315 2854 420 2929 proles,
434 2855 557 2912 Veneris
571 2853 653 2929 quod
667 2854 788 2912 numina
802 2855 893 2926 laesit,

201 2952 232 3009 in
246 2969 318 3009 cava
333 2952 476 3009 Lethaeas
492 2950 570 3009 dolia
583 2961 679 3026 portat
693 2970 793 3026 aquas.

164 3048 224 3106 Illic
238 3049 284 3121 sit,
299 3049 478 3124 quicumque
493 3068 575 3107 meos
589 3048 705 3107 violavit
718 3067 842 3119 amores,

200 3147 310 3220 optavit
324 3146 416 3205 lentas
432 3157 460 3203 et
475 3146 545 3204 mihi
560 3147 683 3204 militias.

163 3243 200 3300 At
212 3252 243 3300 tu
258 3253 338 3301 casta
351 3261 456 3318 precor
469 3262 597 3314 maneas,
612 3244 763 3318 sanctique
777 3241 897 3319 pudoris

201 3340 327 3400 assideat
340 3351 439 3400 custos
453 3342 556 3400 sedula
569 3359 686 3416 semper
699 3359 780 3399 anus.

164 3437 249 3496 Haec
264 3439 315 3498 tibi
329 3439 448 3499 fabellas
463 3441 566 3499 referat
582 3440 735 3515 positaque
749 3438 869 3496 lucerna

201 3535 331 3595 deducat
344 3537 431 3612 plena
445 3539 569 3596 stamina
584 3538 670 3611 longa
684 3536 759 3606 c010,

163 3650 198 3690 ac
212 3634 289 3691 circa
302 3635 436 3709 gravibus
451 3635 548 3711 pensis
562 3634 648 3692 affixa
662 3634 767 3708 puella

201 3731 341 3806 paulatim
355 3750 460 3790 somno
475 3732 550 3790 sessa
563 3731 689 3789 remittat
703 3748 788 3806 opus.

162 3828 239 3890 Tum
252 3829 370 3889 veniam
383 3829 489 3904 subito,
504 3847 562 3888 nec
577 3828 731 3905 quisquam
745 3827 859 3886 nuntiet
871 3835 950 3902 ante,
