2558 4230
458 309 629 399 Propertii
650 316 796 400 Elegiae.

225 509 256 560 et
269 499 357 558 miser
369 499 490 559 invisam
504 500 589 559 traxit
603 501 696 560 hiatus
710 519 835 577 aquam:

185 597 265 656 hunc
279 616 367 673 parvo
381 598 447 656 ferri
460 598 532 656 vidit
545 617 605 656 nox
618 599 752 674 improba
764 599 853 675 ligno.

226 697 330 754 Paetus
344 704 376 752 ut
391 694 549 766 occideret,
565 705 608 753 tot
622 697 718 753 coiere
733 697 816 754 mala.

185 793 272 851 Flens
286 801 386 850 tamen
401 793 535 850 extremis
549 792 632 850 dedit
647 792 721 850 haec
735 791 874 850 mandata
887 794 1032 868 querellis,
1069 801 1097 850 55

225 909 293 947 cum
307 888 482 948 moribunda
496 890 578 964 niger
592 889 740 947 clauderet
754 908 805 948 ora
818 890 931 965 liquor:

184 987 233 1044 ‘di
247 988 332 1044 maris
347 987 456 1062 Aegaei
470 1005 544 1062 quos
558 996 626 1044 sunt
638 1005 731 1061 penes
745 1005 880 1062 aequora,
895 987 993 1059 Venti,

224 1094 253 1142 et
268 1101 470 1159 quaecumque
485 1102 583 1141 meum
598 1083 736 1160 degravat
749 1083 829 1142 unda
843 1094 941 1159 caput,

184 1200 243 1257 quo
257 1182 355 1256 rapitis
370 1181 491 1239 miseros
506 1191 622 1238 tenerae
638 1182 779 1256 lanuginis
794 1183 909 1240 annos?

225 1279 380 1336 Attulimus
394 1278 495 1353 longas
509 1279 539 1335 in
553 1279 626 1336 freta
638 1289 733 1336 vestra
748 1298 860 1338 manus,
1069 1277 1097 1323 ⁶0

182 1376 230 1434 Ah
243 1376 331 1433 miser
344 1375 499 1452 alcyonum
513 1377 641 1451 scopulis
657 1376 776 1453 adfligar
790 1378 901 1436 acutis:

223 1473 253 1530 in
267 1491 315 1530 me
330 1473 465 1530 caeruleo
479 1474 592 1530 fuscina
605 1483 721 1549 sumpta
734 1473 793 1533 deo
808 1484 861 1533 est.

182 1572 221 1629 At
235 1570 337 1627 saltem
353 1570 452 1628 Italiae
466 1571 632 1645 regionibus
646 1570 772 1629 advehat
786 1582 903 1646 aestus;

224 1667 282 1725 hoc
295 1667 334 1724 de
349 1685 396 1724 me
411 1677 455 1725 sat
469 1669 522 1725 erit
536 1669 559 1725 si
573 1667 664 1726 modo
678 1669 776 1726 matris
790 1669 863 1728 erit!

183 1763 328 1824 Subtrahit
343 1764 417 1821 haec
431 1765 541 1822 fantem
555 1773 630 1822 torta
642 1767 782 1841 vertigine
797 1766 921 1841 fluctns;
1069 1767 1097 1824 ⁶5

222 1862 324 1919 ultima
337 1880 412 1936 quae
428 1864 518 1920 Paeto
532 1881 647 1936 voxque
662 1863 783 1938 diesque
798 1865 859 1922 suit.

183 1959 211 2017 Ο
226 1968 344 2016 centum
359 1977 522 2034 aequoreae
538 1961 636 2017 Nereo
650 1961 781 2035 genitore
795 1962 919 2036 puellae,

223 2066 252 2113 et
266 2066 297 2113 tu
312 2067 444 2115 materno
458 2067 536 2114 tacta
546 2057 647 2115 dolore
661 2059 757 2129 Theti,

181 2171 233 2212 vos
248 2153 347 2211 decuit
361 2154 436 2212 lasso
451 2173 615 2229 supponere
629 2155 749 2213 brachia
763 2166 882 2215 mento:

221 2268 283 2308 non
296 2260 410 2326 poterat
423 2261 531 2309 vestras
545 2252 593 2309 ille
607 2269 724 2327 gravare
738 2271 850 2312 manus.

528 2481 564 2538 X·
611 2479 664 2555 (1v·
680 2479 724 2556 a)

182 2642 351 2713 Maecenas,
367 2658 457 2715 eques
472 2641 596 2699 Etrusco
611 2639 649 2699 de
664 2642 804 2717 sanguine
817 2661 928 2719 regum,

174 2798 177 2804 Δ
221 2738 296 2795 intra
309 2738 454 2795 fortunam
469 2738 519 2812 qui
534 2738 616 2813 cupis
632 2755 695 2796 esse
709 2749 799 2811 tuam,

180 2834 252 2910 quid
266 2853 315 2892 me
329 2834 477 2892 scribendi
491 2845 551 2892 tam
564 2845 677 2892 vastum
691 2837 780 2895 mittis
795 2837 825 2894 in
839 2840 970 2913 aequor?

221 2933 292 2990 Non
306 2942 373 2990 sunt
386 2942 454 3007 apta
468 2949 552 2989 meae
566 2930 688 3006 grandia
702 2933 767 2990 vela
779 2935 841 2991 rati.

179 3031 278 3105 Turpe
292 3040 344 3102 est,
359 3030 441 3105 quod
455 3048 593 3104 nequeas
609 3031 698 3105 capiti
712 3032 896 3090 committere
910 3033 1029 3109 pondus
1081 3045 1095 3092 5

219 3137 250 3185 et
263 3146 395 3202 pressum
408 3125 515 3184 inflexo
530 3146 600 3184 mox
614 3127 684 3185 dare
699 3137 780 3203 terga
793 3146 880 3203 genu.

180 3225 289 3285 Omnia
302 3243 362 3282 non
376 3225 483 3300 pariter
495 3242 591 3282 rerum
606 3234 673 3282 sunt
687 3226 823 3285 omnibus
837 3236 915 3302 apta,

219 3323 296 3380 sama
309 3340 366 3379 nec
381 3339 526 3396 exaequo
542 3321 658 3380 ducitur
671 3323 728 3380 ulla
742 3323 821 3398 iug0.

179 3419 279 3480 Gloria
293 3419 422 3495 Lysippo
436 3429 481 3476 est
493 3420 626 3478 animosa
639 3421 775 3496 effingere
790 3422 881 3497 signa,

219 3517 327 3574 exactis
343 3516 469 3575 Calamis
484 3534 514 3574 se
531 3517 602 3575 mihi
617 3519 703 3575 iactat
719 3519 810 3593 equis,

178 3613 209 3674 in
222 3615 346 3672 Veneris
361 3615 460 3672 tabula
474 3633 618 3672 summam
633 3616 686 3672 sibi
701 3617 784 3690 ponit
799 3617 926 3691 Apelles,

219 3711 384 3770 Parrhasius
398 3729 487 3786 parva
500 3711 630 3769 vindicat
644 3722 703 3770 arte
718 3714 827 3787 locum,

177 3816 350 3886 argumenta
362 3807 454 3886 magis
469 3816 536 3866 sunt
550 3809 692 3867 Mentoris
707 3809 808 3869 addita
821 3812 941 3886 formae,
