<?xml version="1.0" encoding="UTF-8"?>
<!DOCTYPE html PUBLIC "-//W3C//DTD XHTML 1.0 Transitional//EN"
    "http://www.w3.org/TR/xhtml1/DTD/xhtml1-transitional.dtd">
<html xmlns="http://www.w3.org/1999/xhtml" xml:lang="en" lang="en">
 <head>
  <title>
</title>
<meta http-equiv="Content-Type" content="text/html;charset=utf-8" />
  <meta name='ocr-system' content='tesseract 3.04.00' />
  <meta name='ocr-capabilities' content='ocr_page ocr_carea ocr_par ocr_line ocrx_word'/>
</head>
<body>
  <div class='ocr_page' id='page_1' title='image "./selectionsfroml02crowgoog_0038.png"; bbox 0 0 2558 4230; ppageno 0'>
   <div class='ocr_carea' id='block_1_1' title="bbox 448 327 722 395">
    <p class='ocr_par' dir='ltr' id='par_1_1' title="bbox 448 327 722 395">
     <span class='ocr_line' id='line_1_1' title="bbox 448 327 722 395; baseline 0.004 -1"><span class='ocrx_word' id='word_1_1' title='bbox 448 327 553 394; x_wconf 80' lang='lat' dir='ltr'>Liber</span> <span class='ocrx_word' id='word_1_2' title='bbox 571 328 722 395; x_wconf 72' lang='lat' dir='ltr'>Primus.</span> 
     </span>
    </p>
   </div>
   <div class='ocr_carea' id='block_1_2' title="bbox 179 511 1111 1560">
    <p class='ocr_par' dir='ltr' id='par_1_2' title="bbox 184 511 835 591">
     <span class='ocr_line' id='line_1_2' title="bbox 184 511 835 591; baseline -0.002 -18"><span class='ocrx_word' id='word_1_3' title='bbox 184 521 362 591; x_wconf 87' lang='lat' dir='ltr'>aspectuque</span> <span class='ocrx_word' id='word_1_4' title='bbox 376 531 431 573; x_wconf 91' lang='lat' dir='ltr'>suo</span> <span class='ocrx_word' id='word_1_5' title='bbox 444 513 577 572; x_wconf 85' lang='lat' dir='ltr'>lacrimas</span> <span class='ocrx_word' id='word_1_6' title='bbox 591 511 740 572; x_wconf 85' lang='lat' dir='ltr'>effundere</span> <span class='ocrx_word' id='word_1_7' title='bbox 755 512 835 586; x_wconf 83' lang='lat' dir='ltr'>civis,</span> 
     </span>
    </p>

    <p class='ocr_par' dir='ltr' id='par_1_3' title="bbox 183 609 1032 785">
     <span class='ocr_line' id='line_1_3' title="bbox 183 609 1032 687; baseline 0.004 -18"><span class='ocrx_word' id='word_1_8' title='bbox 183 621 262 670; x_wconf 84' lang='lat' dir='ltr'>muta</span> <span class='ocrx_word' id='word_1_9' title='bbox 275 619 356 670; x_wconf 91' lang='lat' dir='ltr'>metu</span> <span class='ocrx_word' id='word_1_10' title='bbox 370 621 476 670; x_wconf 88' lang='lat' dir='ltr'>terram</span> <span class='ocrx_word' id='word_1_11' title='bbox 490 610 613 687; x_wconf 85' lang='lat' dir='ltr'>genibus</span> <span class='ocrx_word' id='word_1_12' title='bbox 627 611 782 670; x_wconf 84' lang='lat' dir='ltr'>summissa</span> <span class='ocrx_word' id='word_1_13' title='bbox 794 611 924 687; x_wconf 82' lang='lat' dir='ltr'>petebat.</span> <span class='ocrx_word' id='word_1_14' title='bbox 1001 609 1032 656; x_wconf 82' lang='lat'>⁶⁰</span> 
     </span>
     <span class='ocr_line' id='line_1_4' title="bbox 183 707 911 785; baseline 0.003 -19"><span class='ocrx_word' id='word_1_15' title='bbox 183 709 247 767; x_wconf 91' lang='lat' dir='ltr'>Nec</span> <span class='ocrx_word' id='word_1_16' title='bbox 261 709 385 767; x_wconf 86' lang='lat' dir='ltr'>miserae</span> <span class='ocrx_word' id='word_1_17' title='bbox 398 707 539 785; x_wconf 87' lang='lat' dir='ltr'>prodesse</span> <span class='ocrx_word' id='word_1_18' title='bbox 554 707 584 767; x_wconf 94' lang='lat' dir='ltr'>in</span> <span class='ocrx_word' id='word_1_19' title='bbox 599 709 649 767; x_wconf 88' lang='lat' dir='ltr'>tali</span> <span class='ocrx_word' id='word_1_20' title='bbox 662 717 795 784; x_wconf 90' lang='lat' dir='ltr'>tempore</span> <span class='ocrx_word' id='word_1_21' title='bbox 810 710 911 784; x_wconf 90' lang='lat' dir='ltr'>quibat</span> 
     </span>
    </p>

    <p class='ocr_par' dir='ltr' id='par_1_4' title="bbox 182 804 923 882">
     <span class='ocr_line' id='line_1_5' title="bbox 182 804 923 882; baseline 0.003 -19"><span class='ocrx_word' id='word_1_22' title='bbox 182 804 261 881; x_wconf 90' lang='lat' dir='ltr'>quod</span> <span class='ocrx_word' id='word_1_23' title='bbox 274 805 369 881; x_wconf 81' lang='lat' dir='ltr'>patrio</span> <span class='ocrx_word' id='word_1_24' title='bbox 382 806 519 881; x_wconf 90' lang='lat' dir='ltr'>princeps</span> <span class='ocrx_word' id='word_1_25' title='bbox 534 804 657 863; x_wconf 84' lang='lat' dir='ltr'>donarat</span> <span class='ocrx_word' id='word_1_26' title='bbox 670 806 789 864; x_wconf 92' lang='lat' dir='ltr'>nomine</span> <span class='ocrx_word' id='word_1_27' title='bbox 804 824 903 882; x_wconf 88' lang='lat' dir='ltr'>regem</span> <span class='ocrx_word' id='word_1_28' title='bbox 914 826 923 880; x_wconf 89' lang='lat'>;</span> 
     </span>
    </p>

    <p class='ocr_par' dir='ltr' id='par_1_5' title="bbox 181 902 1108 1071">
     <span class='ocr_line' id='line_1_6' title="bbox 181 902 1108 978; baseline 0.004 -18"><span class='ocrx_word' id='word_1_29' title='bbox 181 921 248 960; x_wconf 87' lang='lat' dir='ltr'>narn</span> <span class='ocrx_word' id='word_1_30' title='bbox 259 902 371 961; x_wconf 89' lang='lat' dir='ltr'>sublata</span> <span class='ocrx_word' id='word_1_31' title='bbox 380 902 472 960; x_wconf 88' lang='lat' dir='ltr'>virum</span> <span class='ocrx_word' id='word_1_32' title='bbox 488 903 621 961; x_wconf 87' lang='lat' dir='ltr'>manibus</span> <span class='ocrx_word' id='word_1_33' title='bbox 636 902 881 978; x_wconf 86' lang='lat' dir='ltr'>tremibundaque</span> <span class='ocrx_word' id='word_1_34' title='bbox 895 902 934 962; x_wconf 91' lang='lat' dir='ltr'>ad</span> <span class='ocrx_word' id='word_1_35' title='bbox 947 920 1011 963; x_wconf 82' lang='lat' dir='ltr'>aras</span> <span class='ocrx_word' id='word_1_36' title='bbox 1057 913 1108 973; x_wconf 86' lang='lat'>(95)</span> 
     </span>
     <span class='ocr_line' id='line_1_7' title="bbox 181 997 870 1071; baseline 0.001 -14"><span class='ocrx_word' id='word_1_37' title='bbox 181 997 345 1071; x_wconf 88' lang='lat' dir='ltr'>deductast,</span> <span class='ocrx_word' id='word_1_38' title='bbox 355 1016 418 1056; x_wconf 88' lang='lat' dir='ltr'>non</span> <span class='ocrx_word' id='word_1_39' title='bbox 432 1009 464 1056; x_wconf 91' lang='lat' dir='ltr'>ut</span> <span class='ocrx_word' id='word_1_40' title='bbox 478 999 612 1057; x_wconf 88' lang='lat' dir='ltr'>sollemni</span> <span class='ocrx_word' id='word_1_41' title='bbox 626 1016 708 1057; x_wconf 90' lang='lat' dir='ltr'>more</span> <span class='ocrx_word' id='word_1_42' title='bbox 722 1018 870 1059; x_wconf 85' lang='lat' dir='ltr'>sacrorum</span> 
     </span>
    </p>

    <p class='ocr_par' dir='ltr' id='par_1_6' title="bbox 181 1095 1031 1172">
     <span class='ocr_line' id='line_1_8' title="bbox 181 1095 1031 1172; baseline 0.004 -19"><span class='ocrx_word' id='word_1_43' title='bbox 181 1095 311 1172; x_wconf 84' lang='lat' dir='ltr'>perfecto</span> <span class='ocrx_word' id='word_1_44' title='bbox 325 1105 425 1171; x_wconf 84' lang='lat' dir='ltr'>posset</span> <span class='ocrx_word' id='word_1_45' title='bbox 440 1096 518 1154; x_wconf 88' lang='lat' dir='ltr'>claro</span> <span class='ocrx_word' id='word_1_46' title='bbox 532 1096 665 1154; x_wconf 89' lang='lat' dir='ltr'>comitari</span> <span class='ocrx_word' id='word_1_47' title='bbox 682 1098 867 1172; x_wconf 88' lang='lat' dir='ltr'>Hymenaeo,</span> <span class='ocrx_word' id='word_1_48' title='bbox 1001 1097 1031 1156; x_wconf 82' lang='lat'>⁶5</span> 
     </span>
    </p>

    <p class='ocr_par' dir='ltr' id='par_1_7' title="bbox 183 1191 866 1269">
     <span class='ocr_line' id='line_1_9' title="bbox 183 1191 866 1269; baseline 0.001 -18"><span class='ocrx_word' id='word_1_49' title='bbox 183 1191 235 1251; x_wconf 92' lang='lat' dir='ltr'>sed</span> <span class='ocrx_word' id='word_1_50' title='bbox 248 1203 329 1251; x_wconf 89' lang='lat' dir='ltr'>casta</span> <span class='ocrx_word' id='word_1_51' title='bbox 338 1194 448 1252; x_wconf 90' lang='lat' dir='ltr'>inceste</span> <span class='ocrx_word' id='word_1_52' title='bbox 462 1193 595 1252; x_wconf 85' lang='lat' dir='ltr'>nubendi</span> <span class='ocrx_word' id='word_1_53' title='bbox 610 1203 742 1268; x_wconf 89' lang='lat' dir='ltr'>tempore</span> <span class='ocrx_word' id='word_1_54' title='bbox 756 1195 786 1251; x_wconf 91' lang='lat' dir='ltr'>in</span> <span class='ocrx_word' id='word_1_55' title='bbox 801 1194 866 1269; x_wconf 93' lang='lat' dir='ltr'>ipso</span> 
     </span>
    </p>

    <p class='ocr_par' dir='ltr' id='par_1_8' title="bbox 182 1290 876 1366">
     <span class='ocr_line' id='line_1_10' title="bbox 182 1290 876 1366; baseline 0.001 -18"><span class='ocrx_word' id='word_1_56' title='bbox 182 1290 275 1349; x_wconf 88' lang='lat' dir='ltr'>hostia</span> <span class='ocrx_word' id='word_1_57' title='bbox 288 1290 459 1349; x_wconf 89' lang='lat' dir='ltr'>concideret</span> <span class='ocrx_word' id='word_1_58' title='bbox 473 1299 600 1348; x_wconf 89' lang='lat' dir='ltr'>mactatu</span> <span class='ocrx_word' id='word_1_59' title='bbox 614 1300 725 1348; x_wconf 87' lang='lat' dir='ltr'>maesta</span> <span class='ocrx_word' id='word_1_60' title='bbox 738 1292 876 1366; x_wconf 86' lang='lat' dir='ltr'>parentis,</span> 
     </span>
    </p>

    <p class='ocr_par' dir='ltr' id='par_1_9' title="bbox 179 1378 1111 1560">
     <span class='ocr_line' id='line_1_11' title="bbox 181 1378 1111 1473; baseline 0.001 -28"><span class='ocrx_word' id='word_1_61' title='bbox 181 1387 273 1446; x_wconf 88' lang='lat' dir='ltr'>exitus</span> <span class='ocrx_word' id='word_1_62' title='bbox 285 1397 319 1445; x_wconf 91' lang='lat' dir='ltr'>ut</span> <span class='ocrx_word' id='word_1_63' title='bbox 332 1378 416 1473; x_wconf 66' lang='lat' dir='ltr'>cbssi</span> <span class='ocrx_word' id='word_1_64' title='bbox 431 1387 499 1445; x_wconf 85' lang='lat' dir='ltr'>felix</span> <span class='ocrx_word' id='word_1_65' title='bbox 513 1388 681 1461; x_wconf 87' lang='lat' dir='ltr'>faustusque</span> <span class='ocrx_word' id='word_1_66' title='bbox 697 1386 822 1447; x_wconf 91' lang='lat' dir='ltr'>daretur.</span> <span class='ocrx_word' id='word_1_67' title='bbox 1045 1387 1111 1446; x_wconf 86' lang='lat'><em>(100)</em></span> 
     </span>
     <span class='ocr_line' id='line_1_12' title="bbox 179 1477 828 1560; baseline 0 -18"><span class='ocrx_word' id='word_1_68' title='bbox 179 1485 305 1543; x_wconf 89' lang='lat' dir='ltr'>Tantum</span> <span class='ocrx_word' id='word_1_69' title='bbox 319 1477 420 1560; x_wconf 86' lang='lat' dir='ltr'>religio</span> <span class='ocrx_word' id='word_1_70' title='bbox 433 1485 527 1560; x_wconf 88' lang='lat' dir='ltr'>potuit</span> <span class='ocrx_word' id='word_1_71' title='bbox 538 1483 662 1542; x_wconf 86' lang='lat' dir='ltr'>suadere</span> <span class='ocrx_word' id='word_1_72' title='bbox 676 1485 828 1543; x_wconf 83' lang='lat' dir='ltr'>malonrm.</span> 
     </span>
    </p>
   </div>
   <div class='ocr_carea' id='block_1_3' title="bbox 178 1678 1108 2924">
    <p class='ocr_par' dir='ltr' id='par_1_10' title="bbox 179 1678 1042 1948">
     <span class='ocr_line' id='line_1_13' title="bbox 219 1678 1042 1755; baseline 0.002 -17"><span class='ocrx_word' id='word_1_73' title='bbox 219 1681 313 1738; x_wconf 91' lang='lat' dir='ltr'>Hunc</span> <span class='ocrx_word' id='word_1_74' title='bbox 327 1678 413 1755; x_wconf 87' lang='lat' dir='ltr'>igitur</span> <span class='ocrx_word' id='word_1_75' title='bbox 425 1687 565 1737; x_wconf 89' lang='lat' dir='ltr'>terrorem</span> <span class='ocrx_word' id='word_1_76' title='bbox 580 1678 669 1737; x_wconf 86' lang='lat' dir='ltr'>animi</span> <span class='ocrx_word' id='word_1_77' title='bbox 683 1678 877 1754; x_wconf 79' lang='lat' dir='ltr'>tenebrasque</span> <span class='ocrx_word' id='word_1_78' title='bbox 891 1692 1042 1740; x_wconf 90' lang='lat' dir='ltr'>necessest</span> 
     </span>
     <span class='ocr_line' id='line_1_14' title="bbox 179 1775 1030 1851; baseline -0.001 -16"><span class='ocrx_word' id='word_1_79' title='bbox 179 1795 239 1836; x_wconf 92' lang='lat' dir='ltr'>non</span> <span class='ocrx_word' id='word_1_80' title='bbox 252 1776 327 1835; x_wconf 85' lang='lat' dir='ltr'>radii</span> <span class='ocrx_word' id='word_1_81' title='bbox 340 1776 408 1835; x_wconf 90' lang='lat' dir='ltr'>solis</span> <span class='ocrx_word' id='word_1_82' title='bbox 422 1793 518 1851; x_wconf 89' lang='lat' dir='ltr'>neque</span> <span class='ocrx_word' id='word_1_83' title='bbox 533 1775 632 1834; x_wconf 91' lang='lat' dir='ltr'>lucida</span> <span class='ocrx_word' id='word_1_84' title='bbox 645 1777 703 1834; x_wconf 87' lang='lat' dir='ltr'>tela</span> <span class='ocrx_word' id='word_1_85' title='bbox 715 1775 775 1835; x_wconf 90' lang='lat' dir='ltr'>diei</span> <span class='ocrx_word' id='word_1_86' title='bbox 1000 1789 1030 1834; x_wconf 83' lang='lat'>7¹</span> 
     </span>
     <span class='ocr_line' id='line_1_15' title="bbox 180 1872 831 1948; baseline 0 -15"><span class='ocrx_word' id='word_1_87' title='bbox 180 1874 345 1945; x_wconf 89' lang='lat' dir='ltr'>discutiant,</span> <span class='ocrx_word' id='word_1_88' title='bbox 359 1872 413 1932; x_wconf 92' lang='lat' dir='ltr'>sed</span> <span class='ocrx_word' id='word_1_89' title='bbox 427 1883 546 1932; x_wconf 89' lang='lat' dir='ltr'>naturae</span> <span class='ocrx_word' id='word_1_90' title='bbox 561 1874 676 1948; x_wconf 91' lang='lat' dir='ltr'>species</span> <span class='ocrx_word' id='word_1_91' title='bbox 689 1874 831 1948; x_wconf 89' lang='lat' dir='ltr'>ratioque.</span> 
     </span>
    </p>

    <p class='ocr_par' dir='ltr' id='par_1_11' title="bbox 180 1969 891 2047">
     <span class='ocr_line' id='line_1_16' title="bbox 180 1969 891 2047; baseline -0.001 -17"><span class='ocrx_word' id='word_1_92' title='bbox 180 1972 356 2047; x_wconf 86' lang='lat' dir='ltr'>Principium</span> <span class='ocrx_word' id='word_1_93' title='bbox 371 1970 453 2028; x_wconf 91' lang='lat' dir='ltr'>cuius</span> <span class='ocrx_word' id='word_1_94' title='bbox 469 1969 538 2028; x_wconf 92' lang='lat' dir='ltr'>hinc</span> <span class='ocrx_word' id='word_1_95' title='bbox 551 1970 637 2029; x_wconf 89' lang='lat' dir='ltr'>nobis</span> <span class='ocrx_word' id='word_1_96' title='bbox 652 1970 773 2029; x_wconf 81' lang='lat' dir='ltr'>exordia</span> <span class='ocrx_word' id='word_1_97' title='bbox 786 1980 891 2043; x_wconf 89' lang='lat' dir='ltr'>sumet,</span> 
     </span>
    </p>

    <p class='ocr_par' dir='ltr' id='par_1_12' title="bbox 179 2066 1108 2338">
     <span class='ocr_line' id='line_1_17' title="bbox 179 2066 1108 2144; baseline 0 -16"><span class='ocrx_word' id='word_1_98' title='bbox 179 2069 286 2128; x_wconf 86' lang='lat' dir='ltr'>nnllam</span> <span class='ocrx_word' id='word_1_99' title='bbox 300 2086 363 2127; x_wconf 92' lang='lat' dir='ltr'>rem</span> <span class='ocrx_word' id='word_1_100' title='bbox 376 2086 394 2127; x_wconf 91' lang='lat' dir='ltr'>e</span> <span class='ocrx_word' id='word_1_101' title='bbox 407 2068 468 2127; x_wconf 93' lang='lat' dir='ltr'>nilo</span> <span class='ocrx_word' id='word_1_102' title='bbox 482 2068 562 2144; x_wconf 85' lang='lat' dir='ltr'>gigni</span> <span class='ocrx_word' id='word_1_103' title='bbox 575 2066 712 2126; x_wconf 87' lang='lat' dir='ltr'>divinitus</span> <span class='ocrx_word' id='word_1_104' title='bbox 726 2086 877 2144; x_wconf 89' lang='lat' dir='ltr'>umquam.</span> <span class='ocrx_word' id='word_1_105' title='bbox 1041 2069 1108 2128; x_wconf 80' lang='lat'>(¹50)</span> 
     </span>
     <span class='ocr_line' id='line_1_18' title="bbox 180 2165 1030 2242; baseline 0.001 -18"><span class='ocrx_word' id='word_1_106' title='bbox 180 2166 298 2242; x_wconf 88' lang='lat' dir='ltr'>Quippe</span> <span class='ocrx_word' id='word_1_107' title='bbox 312 2166 352 2224; x_wconf 89' lang='lat' dir='ltr'>ita</span> <span class='ocrx_word' id='word_1_108' title='bbox 365 2165 492 2225; x_wconf 83' lang='lat' dir='ltr'>formido</span> <span class='ocrx_word' id='word_1_109' title='bbox 506 2165 635 2224; x_wconf 90' lang='lat' dir='ltr'>mortalis</span> <span class='ocrx_word' id='word_1_110' title='bbox 649 2166 781 2224; x_wconf 91' lang='lat' dir='ltr'>continet</span> <span class='ocrx_word' id='word_1_111' title='bbox 794 2166 900 2239; x_wconf 87' lang='lat' dir='ltr'>omnis,</span> <span class='ocrx_word' id='word_1_112' title='bbox 1000 2177 1030 2225; x_wconf 78' lang='lat'>75</span> 
     </span>
     <span class='ocr_line' id='line_1_19' title="bbox 179 2262 869 2338; baseline 0.001 -17"><span class='ocrx_word' id='word_1_113' title='bbox 179 2262 260 2338; x_wconf 91' lang='lat' dir='ltr'>quod</span> <span class='ocrx_word' id='word_1_114' title='bbox 274 2263 365 2321; x_wconf 84' lang='lat' dir='ltr'>multa</span> <span class='ocrx_word' id='word_1_115' title='bbox 377 2263 408 2321; x_wconf 88' lang='lat' dir='ltr'>in</span> <span class='ocrx_word' id='word_1_116' title='bbox 422 2264 503 2321; x_wconf 89' lang='lat' dir='ltr'>terris</span> <span class='ocrx_word' id='word_1_117' title='bbox 517 2263 579 2321; x_wconf 87' lang='lat' dir='ltr'>fieri</span> <span class='ocrx_word' id='word_1_118' title='bbox 593 2263 736 2338; x_wconf 91' lang='lat' dir='ltr'>caeloque</span> <span class='ocrx_word' id='word_1_119' title='bbox 751 2273 869 2322; x_wconf 88' lang='lat' dir='ltr'>tuentur</span> 
     </span>
    </p>

    <p class='ocr_par' dir='ltr' id='par_1_13' title="bbox 179 2360 890 2436">
     <span class='ocr_line' id='line_1_20' title="bbox 179 2360 890 2436; baseline 0.003 -18"><span class='ocrx_word' id='word_1_120' title='bbox 179 2378 303 2436; x_wconf 88' lang='lat' dir='ltr'>quorum</span> <span class='ocrx_word' id='word_1_121' title='bbox 316 2378 440 2436; x_wconf 90' lang='lat' dir='ltr'>operum</span> <span class='ocrx_word' id='word_1_122' title='bbox 454 2378 557 2418; x_wconf 84' lang='lat' dir='ltr'>causas</span> <span class='ocrx_word' id='word_1_123' title='bbox 571 2361 650 2417; x_wconf 91' lang='lat' dir='ltr'>nulla</span> <span class='ocrx_word' id='word_1_124' title='bbox 664 2361 775 2419; x_wconf 87' lang='lat' dir='ltr'>ratione</span> <span class='ocrx_word' id='word_1_125' title='bbox 789 2360 890 2420; x_wconf 89' lang='lat' dir='ltr'>videre</span> 
     </span>
    </p>

    <p class='ocr_par' dir='ltr' id='par_1_14' title="bbox 178 2457 797 2533">
     <span class='ocr_line' id='line_1_21' title="bbox 178 2457 797 2533; baseline 0.002 -17"><span class='ocrx_word' id='word_1_126' title='bbox 178 2467 301 2533; x_wconf 89' lang='lat' dir='ltr'>possunt</span> <span class='ocrx_word' id='word_1_127' title='bbox 314 2476 350 2516; x_wconf 89' lang='lat' dir='ltr'>ac</span> <span class='ocrx_word' id='word_1_128' title='bbox 363 2458 426 2516; x_wconf 89' lang='lat' dir='ltr'>fieri</span> <span class='ocrx_word' id='word_1_129' title='bbox 440 2457 541 2517; x_wconf 88' lang='lat' dir='ltr'>divino</span> <span class='ocrx_word' id='word_1_130' title='bbox 555 2459 675 2516; x_wconf 90' lang='lat' dir='ltr'>numine</span> <span class='ocrx_word' id='word_1_131' title='bbox 688 2468 797 2517; x_wconf 91' lang='lat' dir='ltr'>rentur.</span> 
     </span>
    </p>

    <p class='ocr_par' dir='ltr' id='par_1_15' title="bbox 178 2554 1108 2826">
     <span class='ocr_line' id='line_1_22' title="bbox 180 2554 1108 2631; baseline 0.004 -19"><span class='ocrx_word' id='word_1_132' title='bbox 180 2555 260 2629; x_wconf 89' lang='lat' dir='ltr'>Quas</span> <span class='ocrx_word' id='word_1_133' title='bbox 274 2555 314 2613; x_wconf 92' lang='lat' dir='ltr'>ob</span> <span class='ocrx_word' id='word_1_134' title='bbox 327 2573 373 2613; x_wconf 90' lang='lat' dir='ltr'>res</span> <span class='ocrx_word' id='word_1_135' title='bbox 388 2555 438 2613; x_wconf 93' lang='lat' dir='ltr'>ubi</span> <span class='ocrx_word' id='word_1_136' title='bbox 451 2554 609 2614; x_wconf 87' lang='lat' dir='ltr'>viderimus</span> <span class='ocrx_word' id='word_1_137' title='bbox 624 2555 665 2613; x_wconf 93' lang='lat' dir='ltr'>nil</span> <span class='ocrx_word' id='word_1_138' title='bbox 679 2574 766 2631; x_wconf 91' lang='lat' dir='ltr'>posse</span> <span class='ocrx_word' id='word_1_139' title='bbox 781 2557 872 2615; x_wconf 91' lang='lat' dir='ltr'>creari</span> <span class='ocrx_word' id='word_1_140' title='bbox 1041 2556 1108 2616; x_wconf 83' lang='lat'>(155)</span> 
     </span>
     <span class='ocr_line' id='line_1_23' title="bbox 179 2651 1031 2728; baseline 0.002 -18"><span class='ocrx_word' id='word_1_141' title='bbox 179 2651 216 2710; x_wconf 96' lang='lat' dir='ltr'>de</span> <span class='ocrx_word' id='word_1_142' title='bbox 230 2652 300 2723; x_wconf 91' lang='lat' dir='ltr'>nilo,</span> <span class='ocrx_word' id='word_1_143' title='bbox 314 2661 377 2710; x_wconf 89' lang='lat' dir='ltr'>turn</span> <span class='ocrx_word' id='word_1_144' title='bbox 391 2651 473 2727; x_wconf 92' lang='lat' dir='ltr'>quod</span> <span class='ocrx_word' id='word_1_145' title='bbox 486 2653 634 2728; x_wconf 87' lang='lat' dir='ltr'>sequimur</span> <span class='ocrx_word' id='word_1_146' title='bbox 647 2652 706 2710; x_wconf 86' lang='lat' dir='ltr'>iam</span> <span class='ocrx_word' id='word_1_147' title='bbox 719 2653 826 2712; x_wconf 90' lang='lat' dir='ltr'>rectius</span> <span class='ocrx_word' id='word_1_148' title='bbox 840 2653 910 2713; x_wconf 91' lang='lat' dir='ltr'>inde</span> <span class='ocrx_word' id='word_1_149' title='bbox 1000 2653 1031 2699; x_wconf 80' lang='lat'>⁸0</span> 
     </span>
     <span class='ocr_line' id='line_1_24' title="bbox 178 2750 954 2826; baseline 0.006 -19"><span class='ocrx_word' id='word_1_150' title='bbox 178 2750 397 2825; x_wconf 89' lang='lat' dir='ltr'>perspiciemus,</span> <span class='ocrx_word' id='word_1_151' title='bbox 412 2760 442 2808; x_wconf 88' lang='lat' dir='ltr'>et</span> <span class='ocrx_word' id='word_1_152' title='bbox 456 2750 535 2809; x_wconf 91' lang='lat' dir='ltr'>unde</span> <span class='ocrx_word' id='word_1_153' title='bbox 549 2760 638 2825; x_wconf 87' lang='lat' dir='ltr'>queat</span> <span class='ocrx_word' id='word_1_154' title='bbox 652 2769 697 2808; x_wconf 93' lang='lat' dir='ltr'>res</span> <span class='ocrx_word' id='word_1_155' title='bbox 712 2768 847 2826; x_wconf 88' lang='lat' dir='ltr'>quaeque</span> <span class='ocrx_word' id='word_1_156' title='bbox 861 2752 954 2812; x_wconf 85' lang='lat' dir='ltr'>creari</span> 
     </span>
    </p>

    <p class='ocr_par' dir='ltr' id='par_1_16' title="bbox 178 2849 926 2924">
     <span class='ocr_line' id='line_1_25' title="bbox 178 2849 926 2924; baseline 0.007 -19"><span class='ocrx_word' id='word_1_157' title='bbox 178 2857 208 2905; x_wconf 90' lang='lat' dir='ltr'>et</span> <span class='ocrx_word' id='word_1_158' title='bbox 221 2865 281 2924; x_wconf 93' lang='lat' dir='ltr'>quo</span> <span class='ocrx_word' id='word_1_159' title='bbox 294 2864 429 2924; x_wconf 90' lang='lat' dir='ltr'>quaeque</span> <span class='ocrx_word' id='word_1_160' title='bbox 443 2849 536 2907; x_wconf 90' lang='lat' dir='ltr'>modo</span> <span class='ocrx_word' id='word_1_161' title='bbox 549 2849 620 2906; x_wconf 86' lang='lat' dir='ltr'>fiant</span> <span class='ocrx_word' id='word_1_162' title='bbox 634 2866 725 2924; x_wconf 90' lang='lat' dir='ltr'>opera</span> <span class='ocrx_word' id='word_1_163' title='bbox 738 2850 800 2908; x_wconf 90' lang='lat' dir='ltr'>sine</span> <span class='ocrx_word' id='word_1_164' title='bbox 815 2849 926 2910; x_wconf 85' lang='lat' dir='ltr'>divom.</span> 
     </span>
    </p>
   </div>
   <div class='ocr_carea' id='block_1_4' title="bbox 511 3085 650 3114">
    <p class='ocr_par' dir='ltr' id='par_1_17' title="bbox 511 3085 650 3114">
     <span class='ocr_line' id='line_1_26' title="bbox 511 3085 650 3114; baseline 0 0"><span class='ocrx_word' id='word_1_165' title='bbox 511 3085 650 3114; x_wconf 74' lang='grc' dir='ltr'><strong>-οοο-</strong></span> 
     </span>
    </p>
   </div>
   <div class='ocr_carea' id='block_1_5' title="bbox 424 3274 742 3326">
    <p class='ocr_par' dir='ltr' id='par_1_18' title="bbox 424 3274 742 3326">
     <span class='ocr_line' id='line_1_27' title="bbox 424 3274 742 3326; baseline 0.006 -3"><span class='ocrx_word' id='word_1_166' title='bbox 424 3274 530 3323; x_wconf 88' lang='lat' dir='ltr'>LIBER</span> <span class='ocrx_word' id='word_1_167' title='bbox 553 3274 742 3326; x_wconf 88' lang='lat' dir='ltr'><strong>SECUNDUS.</strong></span> 
     </span>
    </p>
   </div>
   <div class='ocr_carea' id='block_1_6' title="bbox 176 3421 1026 3886">
    <p class='ocr_par' dir='ltr' id='par_1_19' title="bbox 178 3421 945 3596">
     <span class='ocr_line' id='line_1_28' title="bbox 178 3421 945 3498; baseline 0 -16"><span class='ocrx_word' id='word_1_168' title='bbox 178 3423 282 3495; x_wconf 75' lang='lat' dir='ltr'>Sunvn,</span> <span class='ocrx_word' id='word_1_169' title='bbox 297 3422 369 3481; x_wconf 91' lang='lat' dir='ltr'>mari</span> <span class='ocrx_word' id='word_1_170' title='bbox 384 3440 491 3498; x_wconf 90' lang='lat' dir='ltr'>magno</span> <span class='ocrx_word' id='word_1_171' title='bbox 506 3421 686 3481; x_wconf 81' lang='lat' dir='ltr'>turbantibus</span> <span class='ocrx_word' id='word_1_172' title='bbox 702 3440 830 3498; x_wconf 85' lang='lat' dir='ltr'>aequora</span> <span class='ocrx_word' id='word_1_173' title='bbox 842 3423 945 3497; x_wconf 87' lang='lat' dir='ltr'>ventis,</span> 
     </span>
     <span class='ocr_line' id='line_1_29' title="bbox 178 3519 875 3596; baseline -0.001 -17"><span class='ocrx_word' id='word_1_174' title='bbox 178 3530 283 3579; x_wconf 89' lang='lat' dir='ltr'>eterra</span> <span class='ocrx_word' id='word_1_175' title='bbox 296 3538 435 3596; x_wconf 91' lang='lat' dir='ltr'>magnum</span> <span class='ocrx_word' id='word_1_176' title='bbox 449 3519 565 3576; x_wconf 89' lang='lat' dir='ltr'>alterius</span> <span class='ocrx_word' id='word_1_177' title='bbox 580 3529 711 3594; x_wconf 86' lang='lat' dir='ltr'>spectare</span> <span class='ocrx_word' id='word_1_178' title='bbox 727 3521 855 3579; x_wconf 90' lang='lat' dir='ltr'>laborem</span> <span class='ocrx_word' id='word_1_179' title='bbox 866 3542 875 3594; x_wconf 81' lang='lat'>3</span> 
     </span>
    </p>

    <p class='ocr_par' dir='ltr' id='par_1_20' title="bbox 177 3616 947 3693">
     <span class='ocr_line' id='line_1_30' title="bbox 177 3616 947 3693; baseline 0.001 -18"><span class='ocrx_word' id='word_1_180' title='bbox 177 3636 236 3676; x_wconf 92' lang='lat' dir='ltr'>non</span> <span class='ocrx_word' id='word_1_181' title='bbox 251 3617 318 3692; x_wconf 91' lang='lat' dir='ltr'>quia</span> <span class='ocrx_word' id='word_1_182' title='bbox 332 3617 429 3675; x_wconf 88' lang='lat' dir='ltr'>vexari</span> <span class='ocrx_word' id='word_1_183' title='bbox 442 3627 649 3691; x_wconf 88' lang='lat' dir='ltr'>quemquamst</span> <span class='ocrx_word' id='word_1_184' title='bbox 662 3616 792 3676; x_wconf 89' lang='lat' dir='ltr'>iucunda</span> <span class='ocrx_word' id='word_1_185' title='bbox 804 3619 947 3693; x_wconf 89' lang='lat' dir='ltr'>voluptas,</span> 
     </span>
    </p>

    <p class='ocr_par' dir='ltr' id='par_1_21' title="bbox 176 3713 1026 3886">
     <span class='ocr_line' id='line_1_31' title="bbox 176 3713 1021 3789; baseline 0 -16"><span class='ocrx_word' id='word_1_186' title='bbox 176 3713 230 3773; x_wconf 86' lang='lat' dir='ltr'>sed</span> <span class='ocrx_word' id='word_1_187' title='bbox 243 3713 347 3789; x_wconf 91' lang='lat' dir='ltr'>quibus</span> <span class='ocrx_word' id='word_1_188' title='bbox 362 3713 424 3789; x_wconf 92' lang='lat' dir='ltr'>ipse</span> <span class='ocrx_word' id='word_1_189' title='bbox 439 3713 521 3771; x_wconf 90' lang='lat' dir='ltr'>malis</span> <span class='ocrx_word' id='word_1_190' title='bbox 535 3731 634 3771; x_wconf 89' lang='lat' dir='ltr'>careas</span> <span class='ocrx_word' id='word_1_191' title='bbox 649 3714 717 3788; x_wconf 87' lang='lat' dir='ltr'>quia</span> <span class='ocrx_word' id='word_1_192' title='bbox 731 3732 850 3772; x_wconf 90' lang='lat' dir='ltr'>cernere</span> <span class='ocrx_word' id='word_1_193' title='bbox 865 3732 953 3773; x_wconf 87' lang='lat' dir='ltr'>suave</span> <span class='ocrx_word' id='word_1_194' title='bbox 967 3723 1021 3773; x_wconf 88' lang='lat' dir='ltr'>est.</span> 
     </span>
     <span class='ocr_line' id='line_1_32' title="bbox 176 3810 1026 3886; baseline -0.002 -16"><span class='ocrx_word' id='word_1_195' title='bbox 176 3811 268 3871; x_wconf 87' lang='lat' dir='ltr'>Suave</span> <span class='ocrx_word' id='word_1_196' title='bbox 282 3811 371 3870; x_wconf 89' lang='lat' dir='ltr'>etiam</span> <span class='ocrx_word' id='word_1_197' title='bbox 384 3810 453 3870; x_wconf 89' lang='lat' dir='ltr'>belli</span> <span class='ocrx_word' id='word_1_198' title='bbox 467 3811 626 3869; x_wconf 89' lang='lat' dir='ltr'>certamina</span> <span class='ocrx_word' id='word_1_199' title='bbox 640 3829 747 3886; x_wconf 85' lang='lat' dir='ltr'>magna</span> <span class='ocrx_word' id='word_1_200' title='bbox 759 3811 834 3870; x_wconf 90' lang='lat' dir='ltr'>tueri</span> <span class='ocrx_word' id='word_1_201' title='bbox 1011 3819 1026 3868; x_wconf 83' lang='lat' dir='ltr'>s</span> 
     </span>
    </p>
   </div>
   <div class='ocr_carea' id='block_1_7' title="bbox 0 0 1284 4230">
    <p class='ocr_par' dir='ltr' id='par_1_22' title="bbox 0 0 1284 4230">
     <span class='ocr_line' id='line_1_33' title="bbox 0 0 1284 4230; baseline 0 2"><span class='ocrx_word' id='word_1_202' title='bbox 0 0 1284 4230; x_wconf 95' lang='lat' dir='ltr'> </span> 
     </span>
    </p>
   </div>
  </div>
 </body>
</html>
