2558 4230
105 346 148 414 70
458 332 628 414 Propertii
647 332 795 415 Elegiae.

185 535 254 575 cum
268 516 320 576 tibi
334 517 503 592 praesertim
519 517 655 576 Phoebus
670 537 722 575 sua
736 517 866 575 carmina
879 516 971 577 donet

225 616 407 689 Aoniamque
422 615 515 673 libens
530 615 680 690 Calliopea
694 616 792 690 lyram,

184 714 272 771 unica
285 731 342 770 nec
356 712 432 770 desit
446 711 580 770 iocundis
594 713 684 787 gratia
698 714 800 784 verbis,

226 811 325 869 omnia
338 829 472 886 quaeque
485 811 586 868 Venus
601 829 735 885 quaeque
751 811 884 868 Minerva
897 811 1011 888 probat.
1067 835 1097 881 30

186 910 243 969 His
257 919 288 967 tu
303 927 420 984 semper
434 909 488 966 eris
503 918 618 965 nostrae
632 909 794 983 gratissima
806 909 891 981 vitae,

225 1007 338 1065 Taedia
351 1006 422 1065 dum
437 1007 557 1065 miserae
573 1007 630 1064 sint
644 1006 696 1065 tibi
711 1007 848 1065 luxuriae.

531 1241 572 1301 11.
619 1240 653 1320 (1·
672 1238 730 1318 19.)

186 1395 257 1454 Non
271 1411 327 1469 ego
340 1410 419 1452 nunc
433 1391 527 1450 tristes
541 1408 650 1462 vereor,
666 1409 735 1448 mea
748 1391 882 1466 Cynthia,
898 1392 1014 1466 Manes,

225 1512 283 1551 nec
296 1510 394 1550 moror
408 1499 539 1547 extremo
554 1488 652 1546 debita
667 1489 725 1545 sata
738 1507 810 1563 rogo
821 1509 830 1560 3

185 1590 240 1650 sed
253 1608 290 1648 ne
306 1591 378 1648 sorte
393 1598 445 1646 tuo
460 1596 557 1644 careat
571 1587 641 1643 mihi
657 1588 741 1643 funus
756 1604 865 1658 amore,

226 1689 273 1746 hic
287 1689 374 1745 timor
387 1695 431 1744 est
445 1685 514 1761 ipsis
529 1684 627 1742 durior
641 1685 780 1759 exequiis.

186 1787 257 1844 Non
271 1785 347 1843 adeo
360 1784 461 1841 leviter
475 1782 579 1839 nostris
594 1799 667 1856 puer
681 1782 773 1839 haesit
787 1780 895 1853 ocellis,

226 1893 258 1941 ut
271 1901 353 1939 meus
368 1881 458 1939 oblito
473 1880 565 1954 pulvis
580 1897 679 1937 amore
693 1888 786 1937 vacet.

186 1981 250 2038 Illic
265 1977 437 2054 Phylacides
452 1976 596 2034 iocundae
611 1977 742 2051 coniugis
758 1977 843 2034 heros

226 2097 286 2136 non
301 2077 395 2152 potuit
410 2076 505 2132 caecis
520 2075 664 2132 inmemor
678 2092 741 2131 esse
756 2074 836 2146 locis

186 2174 239 2233 sed
254 2173 377 2248 cupidus
391 2173 467 2230 falsis
481 2173 622 2246 attingere
637 2171 743 2246 gaudia
756 2171 860 2245 palmis

225 2271 370 2329 Thessalis
385 2271 534 2344 antiquam
548 2279 666 2327 venerat
680 2270 782 2327 umbra
796 2269 929 2329 domum.

186 2368 249 2427 Illic
264 2368 402 2443 quicquid
417 2386 476 2439 ero,
492 2385 607 2441 semper
621 2376 671 2424 tua
685 2366 766 2423 dicar
779 2367 895 2441 imago:

226 2467 320 2524 traicit
333 2475 362 2522 et
376 2465 426 2522 fati
439 2465 522 2522 litora
536 2483 658 2539 magnus
673 2466 772 2522 Amor.

187 2564 250 2623 Illic
265 2565 407 2621 formosae
421 2563 539 2619 veniant
554 2562 659 2619 chorus
674 2562 821 2633 heroinae,

225 2679 298 2736 quas
313 2660 395 2718 dedit
408 2661 519 2735 Argivis
535 2659 674 2716 Dardana
687 2660 797 2735 praeda
810 2660 896 2733 viris,

185 2776 308 2835 quarum
323 2759 401 2816 nulla
414 2768 464 2815 tua
477 2757 561 2814 fuerit
576 2757 656 2827 mihi,
672 2758 806 2832 Cynthia,
822 2759 916 2816 forma

223 2857 350 2932 gratior;
371 2866 401 2914 et
414 2856 511 2913 Tellus
527 2855 584 2912 hoc
599 2855 639 2910 ita
652 2854 727 2911 iusta
741 2855 826 2914 sinat.

183 2953 324 3027 Quamvis
338 2962 367 3011 te
382 2953 486 3026 longae
500 2961 682 3008 remorentur
697 2952 754 3008 fata
769 2961 914 3024 senectae,

224 3069 290 3107 cara
303 3060 402 3107 tamen
416 3049 540 3107 lacrimis
556 3067 622 3105 ossa
636 3048 730 3105 futura
745 3050 835 3106 meis:

184 3164 259 3221 quae
274 3157 305 3204 tu
319 3148 383 3204 viva
396 3164 464 3204 mea
477 3146 570 3221 possis
585 3146 691 3202 sentire
706 3146 799 3203 favilla
813 3149 819 3203 l

223 3244 299 3299 Tum
314 3241 385 3298 mihi
399 3259 459 3297 non
474 3241 530 3296 ullo
545 3259 622 3297 mors
640 3242 675 3297 sit
689 3259 786 3298 amara
800 3241 876 3298 loco.

184 3340 281 3414 Quam
295 3357 404 3408 vereor,
420 3348 500 3394 nete
516 3349 696 3413 contempto,
713 3340 847 3414 Cynthia,
861 3339 947 3397 busto

223 3436 367 3494 abstrahat
381 3454 398 3492 a
413 3447 510 3492 nostro
525 3436 641 3510 pulvere
657 3437 771 3510 iniquus
786 3438 885 3507 Amor,

183 3544 269 3608 cogat
284 3544 313 3591 et
328 3535 445 3592 invitam
460 3534 592 3590 lacrimas
607 3534 716 3591 siccare
733 3533 892 3592 cadentes!

224 3633 362 3690 Flectitur
376 3631 496 3689 assiduis
512 3640 590 3687 certa
605 3631 701 3705 puella
715 3631 808 3688 minis.

185 3728 292 3803 Quare,
308 3729 378 3787 dum
393 3729 469 3795 licet,
485 3729 626 3785 internos
641 3728 782 3784 laetemur
795 3735 945 3785 amantesz

221 3826 364 3884 nonsatis
380 3835 424 3885 est
438 3825 497 3884 ullo
511 3834 644 3900 tempore
659 3824 761 3898 longus
776 3842 867 3883 amor.
