2558 4230
108 319 155 386 xx]
443 305 613 390 Propertii
632 308 780 395 Elegiae.

168 490 249 551 vince
262 491 355 552 mari:
377 490 436 552 iam
450 501 526 552 terra
538 503 589 554 tua
602 505 665 555 est:
687 496 740 555 tibi
754 497 856 557 militat
870 517 962 571 arcus,

205 597 234 648 et
246 589 325 648 favet
339 607 377 648 ex
390 590 517 650 humeris
531 591 589 650 hoc
603 611 678 652 onus
693 612 782 653 omne
796 596 879 654 meis.
1048 609 1078 654 40

167 685 248 746 Solve
263 695 345 746 metu
358 688 491 763 patriam,
507 706 581 764 quae
596 709 676 748 nunc
692 701 720 749 te
735 691 851 751 vindice
865 693 937 752 freta

204 783 332 860 inposuit
346 802 449 860 prorae
463 787 581 861 publica
594 797 663 846 vota
675 797 751 847 tuae.

166 881 261 956 Quam
275 881 331 940 nisi
346 881 498 954 defendes,
513 902 660 943 murorum
675 887 818 946 Romulus
832 905 923 965 augur

203 979 243 1037 ire
258 979 403 1037 Palatinas
416 997 478 1038 non
492 980 569 1039 bene
584 981 656 1040 vidit
670 1000 747 1042 aves,

165 1075 203 1135 Et
215 1076 338 1135 nimium
352 1077 440 1135 remis
454 1074 584 1148 audent;
607 1077 681 1151 proh
698 1087 782 1153 turpe
799 1077 909 1136 latinis
1047 1092 1076 1140 45

201 1175 334 1251 principe
348 1185 378 1233 te
392 1174 497 1233 fluctus
511 1175 590 1251 regia
603 1177 668 1234 vela
682 1178 752 1252 pati.

165 1273 228 1331 Nec
242 1283 281 1344 te,
296 1271 378 1348 quod
393 1273 491 1331 classis
505 1275 638 1332 centenis
652 1276 775 1351 remiget
788 1276 849 1348 alis,

202 1378 326 1428 terreat:
347 1371 438 1428 invito
452 1370 557 1430 labitur
570 1371 617 1428 illa
631 1373 721 1430 mari:

165 1468 301 1544 quodque
316 1468 425 1526 vehunt
439 1486 542 1544 prorae
558 1469 733 1528 Centaurica
746 1490 815 1530 saxa
828 1471 973 1546 minantis,

201 1566 281 1641 tigna
295 1584 367 1623 cava
381 1576 410 1624 et
424 1567 519 1641 pictos
536 1569 684 1642 experiere
699 1579 803 1629 metus.
1044 1580 1074 1628 50

165 1663 280 1740 Frangit
294 1673 324 1722 et
338 1663 441 1721 attollit
455 1664 529 1721 vires
545 1665 574 1722 in
590 1667 678 1723 milite
693 1684 800 1739 causa3

201 1779 275 1837 quae
289 1761 345 1819 nisi
359 1762 433 1819 iusta
446 1762 555 1834 subest,
572 1765 681 1821 excutit
695 1783 775 1821 mma
788 1764 892 1840 pudor.

163 1859 290 1936 Tempus
304 1858 396 1930 adest,
412 1861 563 1919 committe
579 1872 672 1919 rates:
696 1881 751 1937 ego
765 1864 904 1937 temporis
918 1875 1020 1922 auctor

200 1957 309 2016 ducam
322 1958 463 2033 laurigera
479 1958 552 2015 Iulia
567 1969 659 2016 rostra
673 1961 780 2018 manu!

163 2054 289 2126 Dixerat,
304 2065 335 2113 et
348 2054 500 2130 pharetrae
515 2055 632 2129 pondus
647 2058 835 2115 consumitur
849 2077 951 2118 arcus:
1044 2068 1073 2116 55

194 2153 332 2227 proxima
345 2163 412 2228 post
427 2171 510 2210 arcus
525 2154 656 2211 Caesaris
671 2154 753 2211 hasta
767 2154 827 2213 fuit.

162 2247 257 2307 Vincit
270 2250 368 2308 Roma
381 2248 440 2307 fide
456 2249 586 2308 Phoebi:
609 2250 659 2308 dat
673 2252 781 2309 semina
795 2271 924 2327 poenas:

199 2357 313 2423 sceptra
327 2364 379 2422 per
394 2347 492 2405 Ionias
507 2347 597 2405 fracta
610 2348 752 2406 vehuntur
765 2368 864 2425 aquas.

162 2445 198 2502 At
209 2455 291 2521 pater
306 2443 400 2503 Idalio
414 2445 534 2503 miratur
548 2446 656 2504 Caesar
669 2446 707 2503 ab
721 2457 815 2505 astro:

198 2545 278 2600 ‘sum
294 2541 376 2614 deus,
391 2552 421 2600 et
435 2543 525 2601 nostri
541 2544 687 2618 sanguinis
702 2544 755 2601 ista
769 2544 863 2603 fides.¹
1043 2546 1073 2590 ⁶0

162 2639 345 2715 Prosequitur
358 2648 446 2697 cantu
460 2641 572 2711 Triton,
587 2658 749 2715 omnesque
764 2642 891 2701 marinae

197 2735 365 2811 plauserunt
378 2738 457 2795 circa
471 2738 561 2795 libera
574 2738 657 2812 signa
672 2737 755 2797 deae.

161 2832 211 2891 Illa
223 2835 297 2910 petit
311 2835 412 2892 Nilum
427 2835 533 2910 cymba
546 2835 621 2892 male
636 2836 703 2892 nixa
717 2837 822 2911 fugaci,

197 2930 254 2989 hoc
267 2950 370 3002 unum,
385 2931 463 2990 iusso
477 2950 538 2990 non
553 2933 691 2990 moritura
705 2933 763 2991 die.

159 3027 196 3085 Di
209 3029 332 3087 melius!
354 3041 479 3104 quantus
494 3030 596 3088 mulier
610 3030 684 3087 foret
698 3048 756 3087 una
769 3031 940 3106 triumphus,
1041 3031 1070 3088 65

196 3124 302 3185 ductus
316 3135 377 3184 erat
390 3144 443 3202 per
457 3144 529 3202 quas
545 3137 612 3185 ante
629 3127 768 3203 Iugurtha
781 3128 851 3186 vias.

158 3223 256 3282 Actius
270 3223 340 3281 hinc
354 3225 438 3282 traxit
454 3224 590 3283 Phoebus
605 3226 795 3296 monimenta,
811 3224 891 3301 quod
906 3226 968 3284 eius

195 3339 254 3379 una
268 3319 374 3378 decem
388 3322 457 3379 vicit
471 3323 557 3379 missa
571 3322 675 3397 sagitta
687 3332 773 3381 rates

158 3417 236 3475 Bella
249 3419 318 3476 satis
332 3419 445 3476 cecini:
468 3419 608 3476 citharam
623 3420 680 3476 iam
695 3420 791 3495 poscit
805 3419 910 3495 Apollo

195 3515 287 3574 victor
301 3524 331 3573 et
344 3515 382 3573 ad
397 3515 528 3590 placidos
543 3517 622 3574 exuit
637 3535 716 3574 arma
729 3517 845 3575 choros.
1039 3530 1069 3574 70

158 3611 291 3671 Candida
304 3631 384 3670 nune
399 3613 479 3670 molli
494 3614 617 3671 subeant
631 3615 765 3672 convivia
779 3614 856 3684 luco,

195 3703 410 3778 blanditiaeque
425 3703 514 3761 fluant
527 3722 580 3779 per
594 3723 660 3762 mea
674 3705 751 3762 colla
764 3722 856 3778 rosae,

157 3799 278 3878 unaque
293 3800 451 3860 fundantur
460 3802 567 3878 praelis
582 3801 653 3863 elisa
668 3802 810 3881 Falernis,
