2558 4230
415 335 520 400 Liber
541 335 694 415 Quintus.
1026 349 1083 416 125

110 521 164 581 dat
176 521 251 580 vires
265 522 381 581 fortuna
393 522 497 580 minor.
540 521 605 580 Iam
619 531 713 580 castra
726 521 858 594 silebant,
998 529 1027 563 10

110 619 197 677 tertia
209 620 269 677 iam
283 619 382 694 vigiles
397 629 597 677 commoverat
610 619 682 676 hora
695 617 861 676 secundos:

111 717 222 776 Caesar
235 716 359 774 sollicito
373 733 426 791 per
438 725 519 773 vasta
532 715 646 773 silentia
658 734 758 791 gressu

110 813 161 871 vix
173 813 287 871 famulis
301 812 440 871 audenda
453 823 552 888 parat:
575 813 747 887 cunctisque
766 813 883 884 relictiS,

111 911 175 969 sola
187 911 285 986 placet
300 911 429 968 Fortuna
442 928 554 968 comes.
594 911 734 968 Tentoria
746 920 904 986 postquam

111 1026 254 1084 egressus,
268 1008 387 1084 vigilum
400 1025 507 1066 somno
519 1006 657 1065 cedentia
670 1008 802 1065 membra
996 1013 1024 1063 15

111 1106 262 1178 transiluit,
277 1115 395 1181 questus
409 1105 497 1163 tacite
512 1105 594 1181 quod
608 1105 704 1163 fallere
718 1114 828 1180 posset.

111 1203 211 1261 Litora
224 1221 313 1260 curva
326 1202 404 1278 legit,
418 1202 577 1277 primisque
591 1203 701 1260 invenit
715 1203 745 1259 in
759 1201 856 1274 undis,

111 1300 233 1376 rupibus
247 1300 340 1358 exesis
354 1300 523 1357 haerentem
537 1299 615 1372 sune,
630 1300 768 1358 carinam.

112 1399 277 1456 Rectorem
290 1396 502 1473 dominumque
516 1397 584 1455 ratis
598 1416 701 1456 secura
714 1398 833 1456 tenebat

112 1495 193 1554 haud
206 1494 310 1570 procul
324 1493 392 1552 inde
406 1494 522 1566 domus,
537 1513 598 1552 nou
613 1495 671 1552 ullo
684 1495 790 1553 robore
805 1495 884 1567 suita,
995 1503 1025 1537 ²0

112 1592 167 1651 sed
181 1592 269 1651 sterili
284 1593 380 1664 iunco,
395 1610 549 1667 cannaque
564 1592 674 1650 intexta
687 1593 815 1667 palustri,

111 1702 144 1750 et
156 1692 229 1749 latus
244 1691 357 1748 inversa
370 1690 484 1748 nudum
498 1691 610 1747 munita
622 1690 752 1765 phaselo.

112 1791 200 1847 Haec
215 1789 325 1848 Caesar
337 1788 381 1846 bis
396 1798 497 1861 terque
512 1806 600 1845 manu
614 1788 781 1862 quassantia
794 1797 905 1845 tectum

111 1887 212 1945 limina
226 1886 395 1944 commovit.
437 1886 521 1943 Molli
536 1885 683 1959 consurgit
698 1886 842 1961 AmyclaS,

113 2003 202 2060 quem
217 1983 305 2042 dabat
319 1983 392 2058 alga,
407 1992 480 2040 toro.
523 1983 684 2056 ‘Quisnam
698 2000 766 2040 mea
779 1983 952 2058 naufragus:
967 1981 1069 2058 inquit,

114 2087 212 2141 ‘tecta
224 2082 318 2157 petit?
338 2090 388 2138 aut
402 2098 491 2155 quem
505 2090 620 2137 nostrae
637 2080 765 2137 Fortuna
778 2080 876 2155 coegit
996 2086 1024 2136 25

113 2180 252 2237 auxilium
265 2196 381 2254 sperare
396 2177 521 2234 casaei'
563 2178 610 2236 Sic
625 2178 709 2247 fatus,
725 2177 762 2235 ab
777 2178 835 2235 alto

113 2296 218 2354 aggere
243 2278 300 2336 iam
315 2274 434 2352 tepidae
448 2275 562 2334 sublato
576 2275 644 2333 sune
659 2276 779 2347 favillae,

114 2375 266 2434 scintillam
280 2385 401 2432 tenuem
413 2382 581 2432 commotos
595 2373 673 2447 pavit
687 2373 717 2429 iu
732 2373 832 2448 ignes:

114 2492 232 2533 securus
245 2473 331 2531 belli:
355 2471 495 2548 praedam
509 2470 639 2528 civilibus
654 2471 740 2528 armis

115 2573 169 2630 scit
181 2589 242 2630 non
256 2588 319 2629 esse
334 2588 425 2628 casas.
468 2569 496 2628 Ο
510 2569 585 2626 vitae
600 2578 661 2626 tuta
674 2569 794 2625 facultas

115 2671 259 2746 pauperis,
273 2669 445 2745 angustique
460 2668 533 2725 lares
546 2671 552 2725 l
574 2686 593 2725 o
607 2685 729 2724 munera
742 2665 876 2724 nondum

115 2767 261 2826 intellecta
274 2767 383 2825 deum!
427 2767 541 2840 Quibus
556 2765 613 2822 hoc
628 2765 797 2839 contingere
812 2765 938 2841 templis,

116 2876 163 2923 aut
176 2865 272 2941 potuit
286 2866 384 2936 muris
400 2864 480 2922 nullo
495 2862 640 2938 trepidare
655 2862 789 2934 tumultu,

117 2963 258 3023 Caesarea
271 2963 405 3039 pulsante
420 2963 529 3020 manu?
569 2962 646 3018 Tum
661 2971 745 3036 poste
759 2961 883 3034 recluso,
995 2970 1024 3018 35

116 3059 175 3119 dux
188 3062 246 3120 ait:
270 3063 436 3137 ‘Exspecta
449 3061 522 3118 votis
536 3059 646 3117 maiora
660 3058 809 3130 modestis,

117 3176 241 3234 spesque
254 3168 319 3218 tuas
332 3159 406 3230 laxa,
421 3158 541 3216 iuvenis.
583 3157 621 3227 si,
637 3157 712 3214 iussa
725 3166 853 3228 secutuS,

117 3275 163 3315 me
176 3255 258 3316 vehis
272 3256 459 3332 Hesperiam,
473 3274 534 3314 non
547 3255 621 3313 ultra
635 3265 742 3312 cuncta
756 3255 871 3314 carinae

119 3353 248 3426 debebis,
262 3353 432 3413 manibusve
446 3354 566 3428 inopem
581 3352 698 3410 duxisse
712 3363 873 3412 senectam.

119 3451 164 3510 Ne
178 3470 262 3510 cessa
274 3451 415 3528 praebere
429 3450 488 3509 deo
502 3451 630 3521 tunsam,
645 3451 755 3508 volenti
996 3460 1028 3507 40

121 3560 254 3624 angustos
268 3549 373 3625 opibus
387 3548 488 3606 subitis
501 3548 622 3622 implere
638 3549 781 3606 Penates.’

122 3644 165 3703 Sic
178 3646 270 3704 fatur:
293 3664 472 3721 quamquam
486 3645 602 3721 plebeio
617 3654 711 3702 tectus
727 3645 844 3715 amictu,

122 3739 251 3801 indocilis
266 3742 376 3818 privata
388 3742 478 3816 loqui.
519 3743 596 3799 Tum
611 3759 722 3816 pauper
736 3741 871 3818 Amyclas
883 3762 890 3801 ε

125 3838 227 3898 ‘Multa
240 3838 359 3915 quidem
370 3838 532 3916 probibent
546 3850 697 3902 nocturno
712 3839 838 3903 credere
850 3849 962 3922 ponto.
