<?xml version="1.0" encoding="UTF-8"?>
<!DOCTYPE html PUBLIC "-//W3C//DTD XHTML 1.0 Transitional//EN"
    "http://www.w3.org/TR/xhtml1/DTD/xhtml1-transitional.dtd">
<html xmlns="http://www.w3.org/1999/xhtml" xml:lang="en" lang="en">
 <head>
  <title>
</title>
<meta http-equiv="Content-Type" content="text/html;charset=utf-8" />
  <meta name='ocr-system' content='tesseract 3.04.00' />
  <meta name='ocr-capabilities' content='ocr_page ocr_carea ocr_par ocr_line ocrx_word'/>
</head>
<body>
  <div class='ocr_page' id='page_1' title='image "./selectionsfroml02crowgoog/selectionsfroml02crowgoog_0069.png"; bbox 0 0 2558 4230; ppageno 0'>
   <div class='ocr_carea' id='block_1_1' title="bbox 484 329 780 414">
    <p class='ocr_par' dir='ltr' id='par_1_1' title="bbox 484 329 780 414">
     <span class='ocr_line' id='line_1_1' title="bbox 484 329 780 414; baseline -0.003 -19"><span class='ocrx_word' id='word_1_1' title='bbox 484 329 611 395; x_wconf 83' lang='lat' dir='ltr'><em>Tibulli</em></span> <span class='ocrx_word' id='word_1_2' title='bbox 632 329 780 414; x_wconf 83' lang='lat' dir='ltr'><em>Elegiae.</em></span> 
     </span>
    </p>
   </div>
   <div class='ocr_carea' id='block_1_2' title="bbox 79 515 1101 982">
    <p class='ocr_par' dir='ltr' id='par_1_2' title="bbox 79 515 1101 982">
     <span class='ocr_line' id='line_1_2' title="bbox 225 515 802 578; baseline -0.005 -2"><span class='ocrx_word' id='word_1_3' title='bbox 225 517 279 577; x_wconf 94' lang='lat' dir='ltr'>sed</span> <span class='ocrx_word' id='word_1_4' title='bbox 292 517 393 578; x_wconf 92' lang='lat' dir='ltr'>videar</span> <span class='ocrx_word' id='word_1_5' title='bbox 406 518 489 576; x_wconf 88' lang='lat' dir='ltr'>caelo</span> <span class='ocrx_word' id='word_1_6' title='bbox 504 517 607 575; x_wconf 91' lang='lat' dir='ltr'>missus</span> <span class='ocrx_word' id='word_1_7' title='bbox 622 515 726 574; x_wconf 89' lang='lat' dir='ltr'>adesse</span> <span class='ocrx_word' id='word_1_8' title='bbox 740 515 802 574; x_wconf 87' lang='lat' dir='ltr'>tibi.</span> 
     </span>
     <span class='ocr_line' id='line_1_3' title="bbox 185 611 946 690; baseline -0.005 -16"><span class='ocrx_word' id='word_1_9' title='bbox 185 617 271 674; x_wconf 90' lang='lat' dir='ltr'>Tunc</span> <span class='ocrx_word' id='word_1_10' title='bbox 286 616 366 687; x_wconf 89' lang='lat' dir='ltr'>mihi,</span> <span class='ocrx_word' id='word_1_11' title='bbox 381 615 474 690; x_wconf 92' lang='lat' dir='ltr'>qualis</span> <span class='ocrx_word' id='word_1_12' title='bbox 488 615 553 686; x_wconf 89' lang='lat' dir='ltr'>eris,</span> <span class='ocrx_word' id='word_1_13' title='bbox 568 615 672 689; x_wconf 89' lang='lat' dir='ltr'>longos</span> <span class='ocrx_word' id='word_1_14' title='bbox 687 613 801 671; x_wconf 85' lang='lat' dir='ltr'>turbata</span> <span class='ocrx_word' id='word_1_15' title='bbox 815 611 946 688; x_wconf 85' lang='lat' dir='ltr'><strong>capillos,</strong></span> 
     </span>
     <span class='ocr_line' id='line_1_4' title="bbox 227 709 1101 786; baseline -0.006 -15"><span class='ocrx_word' id='word_1_16' title='bbox 227 713 313 771; x_wconf 89' lang='lat' dir='ltr'>obvia</span> <span class='ocrx_word' id='word_1_17' title='bbox 327 713 447 784; x_wconf 90' lang='lat' dir='ltr'>nudato,</span> <span class='ocrx_word' id='word_1_18' title='bbox 464 712 558 783; x_wconf 89' lang='lat' dir='ltr'>Delia,</span> <span class='ocrx_word' id='word_1_19' title='bbox 573 729 656 769; x_wconf 90' lang='lat' dir='ltr'>curre</span> <span class='ocrx_word' id='word_1_20' title='bbox 670 709 758 786; x_wconf 88' lang='lat' dir='ltr'>pede.</span> <span class='ocrx_word' id='word_1_21' title='bbox 1071 723 1101 772; x_wconf 83' lang='lat'>90</span> 
     </span>
     <span class='ocr_line' id='line_1_5' title="bbox 79 807 957 886; baseline -0.002 -18"><span class='ocrx_word' id='word_1_22' title='bbox 79 819 81 824; x_wconf 88' lang='lat'>&#39;</span> <span class='ocrx_word' id='word_1_23' title='bbox 186 811 257 869; x_wconf 90' lang='lat' dir='ltr'>Hoc</span> <span class='ocrx_word' id='word_1_24' title='bbox 272 829 386 886; x_wconf 86' lang='lat' dir='ltr'>precor,</span> <span class='ocrx_word' id='word_1_25' title='bbox 402 809 480 868; x_wconf 92' lang='lat' dir='ltr'>hunc</span> <span class='ocrx_word' id='word_1_26' title='bbox 495 810 575 867; x_wconf 91' lang='lat' dir='ltr'>illurn</span> <span class='ocrx_word' id='word_1_27' title='bbox 589 809 673 866; x_wconf 90' lang='lat' dir='ltr'>nobis</span> <span class='ocrx_word' id='word_1_28' title='bbox 688 810 800 866; x_wconf 86' lang='lat' dir='ltr'>Aurora</span> <span class='ocrx_word' id='word_1_29' title='bbox 813 807 957 866; x_wconf 86' lang='lat' dir='ltr'><strong>nitentem</strong></span> 
     </span>
     <span class='ocr_line' id='line_1_6' title="bbox 227 905 857 982; baseline -0.005 -16"><span class='ocrx_word' id='word_1_30' title='bbox 227 908 394 966; x_wconf 89' lang='lat' dir='ltr'>Lucifemm</span> <span class='ocrx_word' id='word_1_31' title='bbox 407 908 499 966; x_wconf 87' lang='lat' dir='ltr'>roseis</span> <span class='ocrx_word' id='word_1_32' title='bbox 513 906 642 965; x_wconf 87' lang='lat' dir='ltr'>candida</span> <span class='ocrx_word' id='word_1_33' title='bbox 654 916 752 982; x_wconf 90' lang='lat' dir='ltr'>portet</span> <span class='ocrx_word' id='word_1_34' title='bbox 765 905 857 977; x_wconf 88' lang='lat' dir='ltr'>equis.</span> 
     </span>
    </p>
   </div>
   <div class='ocr_carea' id='block_1_3' title="bbox 529 1133 729 1212">
    <p class='ocr_par' dir='ltr' id='par_1_3' title="bbox 529 1133 729 1212">
     <span class='ocr_line' id='line_1_7' title="bbox 529 1133 729 1212; baseline -0.005 0"><span class='ocrx_word' id='word_1_35' title='bbox 529 1137 588 1194; x_wconf 88' lang='lat'>111.</span> <span class='ocrx_word' id='word_1_36' title='bbox 635 1135 669 1212; x_wconf 86' lang='lat'>(1·</span> <span class='ocrx_word' id='word_1_37' title='bbox 687 1133 729 1211; x_wconf 72' lang='lat' dir='ltr'>t)</span> 
     </span>
    </p>
   </div>
   <div class='ocr_carea' id='block_1_4' title="bbox 188 1297 1136 3899">
    <p class='ocr_par' dir='ltr' id='par_1_4' title="bbox 188 1297 1136 3899">
     <span class='ocr_line' id='line_1_8' title="bbox 189 1297 877 1357; baseline 0 -1"><span class='ocrx_word' id='word_1_38' title='bbox 189 1298 281 1356; x_wconf 94' lang='lat' dir='ltr'>Hunc</span> <span class='ocrx_word' id='word_1_39' title='bbox 296 1299 431 1357; x_wconf 89' lang='lat' dir='ltr'>cecinere</span> <span class='ocrx_word' id='word_1_40' title='bbox 446 1297 526 1356; x_wconf 90' lang='lat' dir='ltr'>diem</span> <span class='ocrx_word' id='word_1_41' title='bbox 542 1300 650 1355; x_wconf 89' lang='lat' dir='ltr'>Parcae</span> <span class='ocrx_word' id='word_1_42' title='bbox 665 1297 760 1354; x_wconf 83' lang='lat' dir='ltr'>fatalia</span> <span class='ocrx_word' id='word_1_43' title='bbox 773 1306 877 1356; x_wconf 89' lang='lat' dir='ltr'>nentes</span> 
     </span>
     <span class='ocr_line' id='line_1_9' title="bbox 228 1394 787 1468; baseline -0.002 -15"><span class='ocrx_word' id='word_1_44' title='bbox 228 1397 352 1453; x_wconf 87' lang='lat' dir='ltr'>stamina</span> <span class='ocrx_word' id='word_1_45' title='bbox 365 1414 426 1454; x_wconf 90' lang='lat' dir='ltr'>nou</span> <span class='ocrx_word' id='word_1_46' title='bbox 440 1396 489 1453; x_wconf 92' lang='lat' dir='ltr'>ulli</span> <span class='ocrx_word' id='word_1_47' title='bbox 504 1394 695 1453; x_wconf 91' lang='lat' dir='ltr'>dissoluenda</span> <span class='ocrx_word' id='word_1_48' title='bbox 708 1394 767 1452; x_wconf 92' lang='lat' dir='ltr'>deo</span> <span class='ocrx_word' id='word_1_49' title='bbox 778 1415 787 1468; x_wconf 80' lang='lat'>3</span> 
     </span>
     <span class='ocr_line' id='line_1_10' title="bbox 189 1490 982 1567; baseline 0.001 -17"><span class='ocrx_word' id='word_1_50' title='bbox 189 1494 267 1550; x_wconf 94' lang='lat' dir='ltr'>hunc</span> <span class='ocrx_word' id='word_1_51' title='bbox 296 1494 366 1564; x_wconf 90' lang='lat' dir='ltr'>fore,</span> <span class='ocrx_word' id='word_1_52' title='bbox 381 1493 541 1567; x_wconf 86' lang='lat' dir='ltr'>Aquitanas</span> <span class='ocrx_word' id='word_1_53' title='bbox 555 1501 656 1566; x_wconf 90' lang='lat' dir='ltr'>posset</span> <span class='ocrx_word' id='word_1_54' title='bbox 670 1492 721 1566; x_wconf 91' lang='lat' dir='ltr'>qui</span> <span class='ocrx_word' id='word_1_55' title='bbox 734 1490 856 1549; x_wconf 84' lang='lat' dir='ltr'>fundere</span> <span class='ocrx_word' id='word_1_56' title='bbox 870 1501 982 1567; x_wconf 86' lang='lat' dir='ltr'>gentes,</span> 
     </span>
     <span class='ocr_line' id='line_1_11' title="bbox 228 1589 858 1664; baseline -0.002 -16"><span class='ocrx_word' id='word_1_57' title='bbox 228 1609 317 1664; x_wconf 91' lang='lat' dir='ltr'>quem</span> <span class='ocrx_word' id='word_1_58' title='bbox 331 1600 468 1647; x_wconf 90' lang='lat' dir='ltr'>tremeret</span> <span class='ocrx_word' id='word_1_59' title='bbox 482 1590 547 1648; x_wconf 87' lang='lat' dir='ltr'>forti</span> <span class='ocrx_word' id='word_1_60' title='bbox 562 1589 651 1646; x_wconf 89' lang='lat' dir='ltr'>milite</span> <span class='ocrx_word' id='word_1_61' title='bbox 666 1590 759 1646; x_wconf 89' lang='lat' dir='ltr'>victus</span> <span class='ocrx_word' id='word_1_62' title='bbox 774 1590 858 1647; x_wconf 82' lang='lat' dir='ltr'><strong>Atax.</strong></span> 
     </span>
     <span class='ocr_line' id='line_1_12' title="bbox 189 1686 1104 1762; baseline 0.002 -18"><span class='ocrx_word' id='word_1_63' title='bbox 189 1687 341 1746; x_wconf 85' lang='lat' dir='ltr'>Evenere:</span> <span class='ocrx_word' id='word_1_64' title='bbox 363 1706 455 1745; x_wconf 89' lang='lat' dir='ltr'>novos</span> <span class='ocrx_word' id='word_1_65' title='bbox 470 1688 564 1762; x_wconf 89' lang='lat' dir='ltr'>pubes</span> <span class='ocrx_word' id='word_1_66' title='bbox 579 1688 715 1744; x_wconf 87' lang='lat' dir='ltr'>Romana</span> <span class='ocrx_word' id='word_1_67' title='bbox 728 1686 891 1761; x_wconf 85' lang='lat' dir='ltr'>triumphos</span> <span class='ocrx_word' id='word_1_68' title='bbox 1088 1695 1104 1746; x_wconf 79' lang='lat'>5</span> 
     </span>
     <span class='ocr_line' id='line_1_13' title="bbox 228 1767 1136 1858; baseline 0.001 -18"><span class='ocrx_word' id='word_1_69' title='bbox 228 1783 300 1841; x_wconf 90' lang='lat' dir='ltr'>vidit</span> <span class='ocrx_word' id='word_1_70' title='bbox 315 1794 344 1841; x_wconf 87' lang='lat' dir='ltr'>et</span> <span class='ocrx_word' id='word_1_71' title='bbox 358 1785 489 1842; x_wconf 89' lang='lat' dir='ltr'>evinctos</span> <span class='ocrx_word' id='word_1_72' title='bbox 504 1783 624 1842; x_wconf 88' lang='lat' dir='ltr'>brachia</span> <span class='ocrx_word' id='word_1_73' title='bbox 638 1793 726 1858; x_wconf 88' lang='lat' dir='ltr'>capta</span> <span class='ocrx_word' id='word_1_74' title='bbox 740 1782 850 1841; x_wconf 90' lang='lat' dir='ltr'>duces:</span> <span class='ocrx_word' id='word_1_75' title='bbox 1132 1767 1136 1773; x_wconf 41' lang='lat'>⁵</span> 
     </span>
     <span class='ocr_line' id='line_1_14' title="bbox 188 1880 845 1956; baseline 0.002 -19"><span class='ocrx_word' id='word_1_76' title='bbox 188 1889 218 1938; x_wconf 89' lang='lat' dir='ltr'>at</span> <span class='ocrx_word' id='word_1_77' title='bbox 231 1890 260 1937; x_wconf 92' lang='lat' dir='ltr'>te</span> <span class='ocrx_word' id='word_1_78' title='bbox 275 1881 407 1938; x_wconf 85' lang='lat' dir='ltr'>victrices</span> <span class='ocrx_word' id='word_1_79' title='bbox 422 1880 526 1951; x_wconf 91' lang='lat' dir='ltr'>lauros,</span> <span class='ocrx_word' id='word_1_80' title='bbox 543 1881 677 1952; x_wconf 81' lang='lat' dir='ltr'>Messala,</span> <span class='ocrx_word' id='word_1_81' title='bbox 694 1890 845 1956; x_wconf 86' lang='lat' dir='ltr'>gerentem</span> 
     </span>
     <span class='ocr_line' id='line_1_15' title="bbox 229 1977 831 2053; baseline 0.003 -19"><span class='ocrx_word' id='word_1_82' title='bbox 229 1978 362 2051; x_wconf 85' lang='lat' dir='ltr'>portabat</span> <span class='ocrx_word' id='word_1_83' title='bbox 377 1977 466 2035; x_wconf 89' lang='lat' dir='ltr'>niveis</span> <span class='ocrx_word' id='word_1_84' title='bbox 481 1996 580 2035; x_wconf 93' lang='lat' dir='ltr'>currus</span> <span class='ocrx_word' id='word_1_85' title='bbox 596 1979 723 2035; x_wconf 88' lang='lat' dir='ltr'>eburnus</span> <span class='ocrx_word' id='word_1_86' title='bbox 738 1978 831 2053; x_wconf 91' lang='lat' dir='ltr'>equis.</span> 
     </span>
     <span class='ocr_line' id='line_1_16' title="bbox 189 2074 1049 2152; baseline 0.002 -20"><span class='ocrx_word' id='word_1_87' title='bbox 189 2074 258 2132; x_wconf 92' lang='lat' dir='ltr'>Non</span> <span class='ocrx_word' id='word_1_88' title='bbox 274 2075 335 2132; x_wconf 91' lang='lat' dir='ltr'>siue</span> <span class='ocrx_word' id='word_1_89' title='bbox 350 2092 398 2132; x_wconf 90' lang='lat' dir='ltr'>me</span> <span class='ocrx_word' id='word_1_90' title='bbox 414 2084 457 2131; x_wconf 91' lang='lat' dir='ltr'>est</span> <span class='ocrx_word' id='word_1_91' title='bbox 471 2075 523 2132; x_wconf 90' lang='lat' dir='ltr'>tibi</span> <span class='ocrx_word' id='word_1_92' title='bbox 538 2084 636 2148; x_wconf 89' lang='lat' dir='ltr'>partus</span> <span class='ocrx_word' id='word_1_93' title='bbox 651 2074 764 2133; x_wconf 93' lang='lat' dir='ltr'>honos:</span> <span class='ocrx_word' id='word_1_94' title='bbox 787 2074 922 2134; x_wconf 81' lang='lat' dir='ltr'>Tarbella</span> <span class='ocrx_word' id='word_1_95' title='bbox 936 2078 1049 2152; x_wconf 88' lang='lat' dir='ltr'>Pyrene</span> 
     </span>
     <span class='ocr_line' id='line_1_17' title="bbox 228 2171 1105 2242; baseline 0.002 -14"><span class='ocrx_word' id='word_1_96' title='bbox 228 2171 310 2229; x_wconf 88' lang='lat' dir='ltr'>testis</span> <span class='ocrx_word' id='word_1_97' title='bbox 324 2180 353 2228; x_wconf 92' lang='lat' dir='ltr'>et</span> <span class='ocrx_word' id='word_1_98' title='bbox 368 2172 481 2230; x_wconf 89' lang='lat' dir='ltr'>Oceani</span> <span class='ocrx_word' id='word_1_99' title='bbox 495 2172 577 2228; x_wconf 88' lang='lat' dir='ltr'>litora</span> <span class='ocrx_word' id='word_1_100' title='bbox 592 2172 750 2242; x_wconf 84' lang='lat' dir='ltr'>Santonici,</span> <span class='ocrx_word' id='word_1_101' title='bbox 1076 2207 1105 2240; x_wconf 81' lang='lat'>10</span> 
     </span>
     <span class='ocr_line' id='line_1_18' title="bbox 188 2267 1060 2344; baseline 0.001 -18"><span class='ocrx_word' id='word_1_102' title='bbox 188 2268 269 2326; x_wconf 89' lang='lat' dir='ltr'>testis</span> <span class='ocrx_word' id='word_1_103' title='bbox 284 2270 355 2326; x_wconf 89' lang='lat' dir='ltr'>Arar</span> <span class='ocrx_word' id='word_1_104' title='bbox 370 2267 593 2342; x_wconf 88' lang='lat' dir='ltr'>Rhodanusque</span> <span class='ocrx_word' id='word_1_105' title='bbox 609 2269 687 2325; x_wconf 90' lang='lat' dir='ltr'>celer</span> <span class='ocrx_word' id='word_1_106' title='bbox 701 2286 883 2344; x_wconf 87' lang='lat' dir='ltr'>magnusque</span> <span class='ocrx_word' id='word_1_107' title='bbox 899 2269 1060 2343; x_wconf 87' lang='lat' dir='ltr'>Garumna,</span> 
     </span>
     <span class='ocr_line' id='line_1_19' title="bbox 229 2364 844 2440; baseline 0.003 -19"><span class='ocrx_word' id='word_1_108' title='bbox 229 2365 349 2422; x_wconf 89' lang='lat' dir='ltr'>Carnoti</span> <span class='ocrx_word' id='word_1_109' title='bbox 364 2375 393 2422; x_wconf 88' lang='lat' dir='ltr'>et</span> <span class='ocrx_word' id='word_1_110' title='bbox 407 2364 472 2422; x_wconf 89' lang='lat' dir='ltr'>flavi</span> <span class='ocrx_word' id='word_1_111' title='bbox 487 2366 602 2422; x_wconf 89' lang='lat' dir='ltr'>caerula</span> <span class='ocrx_word' id='word_1_112' title='bbox 616 2365 735 2440; x_wconf 88' lang='lat' dir='ltr'>lympha</span> <span class='ocrx_word' id='word_1_113' title='bbox 750 2367 844 2440; x_wconf 85' lang='lat' dir='ltr'>Liger.</span> 
     </span>
     <span class='ocr_line' id='line_1_20' title="bbox 189 2460 943 2537; baseline 0.005 -19"><span class='ocrx_word' id='word_1_114' title='bbox 189 2463 289 2532; x_wconf 84' lang='lat' dir='ltr'>Ante,</span> <span class='ocrx_word' id='word_1_115' title='bbox 305 2460 419 2536; x_wconf 89' lang='lat' dir='ltr'>Cydne,</span> <span class='ocrx_word' id='word_1_116' title='bbox 435 2480 549 2532; x_wconf 89' lang='lat' dir='ltr'>canam,</span> <span class='ocrx_word' id='word_1_117' title='bbox 565 2463 659 2519; x_wconf 89' lang='lat' dir='ltr'>tacitis</span> <span class='ocrx_word' id='word_1_118' title='bbox 674 2463 725 2537; x_wconf 86' lang='lat' dir='ltr'>qui</span> <span class='ocrx_word' id='word_1_119' title='bbox 739 2462 842 2519; x_wconf 90' lang='lat' dir='ltr'>leuiter</span> <span class='ocrx_word' id='word_1_120' title='bbox 856 2461 943 2522; x_wconf 89' lang='lat' dir='ltr'>undis</span> 
     </span>
     <span class='ocr_line' id='line_1_21' title="bbox 229 2557 886 2634; baseline 0.005 -20"><span class='ocrx_word' id='word_1_121' title='bbox 229 2558 379 2615; x_wconf 88' lang='lat' dir='ltr'>caeruleus</span> <span class='ocrx_word' id='word_1_122' title='bbox 394 2557 516 2633; x_wconf 88' lang='lat' dir='ltr'>placidis</span> <span class='ocrx_word' id='word_1_123' title='bbox 531 2577 584 2633; x_wconf 91' lang='lat' dir='ltr'>per</span> <span class='ocrx_word' id='word_1_124' title='bbox 596 2559 673 2617; x_wconf 88' lang='lat' dir='ltr'>vada</span> <span class='ocrx_word' id='word_1_125' title='bbox 687 2559 778 2634; x_wconf 88' lang='lat' dir='ltr'>serpis</span> <span class='ocrx_word' id='word_1_126' title='bbox 793 2561 886 2634; x_wconf 89' lang='lat' dir='ltr'>aquis,</span> 
     </span>
     <span class='ocr_line' id='line_1_22' title="bbox 189 2655 1104 2734; baseline 0.001 -21"><span class='ocrx_word' id='word_1_127' title='bbox 189 2665 314 2730; x_wconf 88' lang='lat' dir='ltr'>quantus</span> <span class='ocrx_word' id='word_1_128' title='bbox 329 2665 358 2713; x_wconf 92' lang='lat' dir='ltr'>et</span> <span class='ocrx_word' id='word_1_129' title='bbox 373 2655 502 2734; x_wconf 71' lang='lat' dir='ltr'>aetherio</span> <span class='ocrx_word' id='word_1_130' title='bbox 518 2657 693 2732; x_wconf 85' lang='lat' dir='ltr'>contingens</span> <span class='ocrx_word' id='word_1_131' title='bbox 707 2658 815 2715; x_wconf 90' lang='lat' dir='ltr'>vertice</span> <span class='ocrx_word' id='word_1_132' title='bbox 829 2658 924 2716; x_wconf 87' lang='lat' dir='ltr'>nubes</span> <span class='ocrx_word' id='word_1_133' title='bbox 1077 2666 1104 2714; x_wconf 80' lang='lat'>13</span> 
     </span>
     <span class='ocr_line' id='line_1_23' title="bbox 230 2752 839 2827; baseline 0.008 -19"><span class='ocrx_word' id='word_1_134' title='bbox 230 2752 349 2827; x_wconf 84' lang='lat' dir='ltr'>frigidus</span> <span class='ocrx_word' id='word_1_135' title='bbox 363 2754 496 2811; x_wconf 91' lang='lat' dir='ltr'>intonsos</span> <span class='ocrx_word' id='word_1_136' title='bbox 509 2754 622 2811; x_wconf 87' lang='lat' dir='ltr'>Taurus</span> <span class='ocrx_word' id='word_1_137' title='bbox 638 2754 695 2812; x_wconf 90' lang='lat' dir='ltr'>alat</span> <span class='ocrx_word' id='word_1_138' title='bbox 710 2754 839 2813; x_wconf 83' lang='lat' dir='ltr'>Cilicas?</span> 
     </span>
     <span class='ocr_line' id='line_1_24' title="bbox 190 2849 998 2927; baseline 0.006 -21"><span class='ocrx_word' id='word_1_139' title='bbox 190 2849 271 2923; x_wconf 90' lang='lat' dir='ltr'>Quid</span> <span class='ocrx_word' id='word_1_140' title='bbox 285 2850 416 2922; x_wconf 85' lang='lat' dir='ltr'>referam,</span> <span class='ocrx_word' id='word_1_141' title='bbox 431 2861 463 2908; x_wconf 93' lang='lat' dir='ltr'>ut</span> <span class='ocrx_word' id='word_1_142' title='bbox 476 2850 577 2908; x_wconf 91' lang='lat' dir='ltr'>volitet</span> <span class='ocrx_word' id='word_1_143' title='bbox 591 2851 707 2908; x_wconf 87' lang='lat' dir='ltr'>crebras</span> <span class='ocrx_word' id='word_1_144' title='bbox 721 2851 831 2909; x_wconf 86' lang='lat' dir='ltr'>intacta</span> <span class='ocrx_word' id='word_1_145' title='bbox 845 2870 898 2927; x_wconf 88' lang='lat' dir='ltr'>per</span> <span class='ocrx_word' id='word_1_146' title='bbox 911 2853 998 2911; x_wconf 88' lang='lat' dir='ltr'>urbes</span> 
     </span>
     <span class='ocr_line' id='line_1_25' title="bbox 230 2947 837 3023; baseline 0.005 -20"><span class='ocrx_word' id='word_1_147' title='bbox 230 2947 295 3004; x_wconf 88' lang='lat' dir='ltr'>alba</span> <span class='ocrx_word' id='word_1_148' title='bbox 310 2948 474 3005; x_wconf 89' lang='lat' dir='ltr'>Palaestino</span> <span class='ocrx_word' id='word_1_149' title='bbox 489 2957 590 3005; x_wconf 89' lang='lat' dir='ltr'>sancta</span> <span class='ocrx_word' id='word_1_150' title='bbox 605 2948 743 3006; x_wconf 86' lang='lat' dir='ltr'>columba</span> <span class='ocrx_word' id='word_1_151' title='bbox 757 2949 837 3023; x_wconf 89' lang='lat' dir='ltr'>Syro,</span> 
     </span>
     <span class='ocr_line' id='line_1_26' title="bbox 188 3045 955 3120; baseline 0.003 -18"><span class='ocrx_word' id='word_1_152' title='bbox 188 3052 279 3119; x_wconf 88' lang='lat' dir='ltr'>utque</span> <span class='ocrx_word' id='word_1_153' title='bbox 294 3045 380 3102; x_wconf 89' lang='lat' dir='ltr'>maris</span> <span class='ocrx_word' id='word_1_154' title='bbox 394 3054 508 3103; x_wconf 88' lang='lat' dir='ltr'>vastum</span> <span class='ocrx_word' id='word_1_155' title='bbox 522 3053 690 3120; x_wconf 88' lang='lat' dir='ltr'>prospectet</span> <span class='ocrx_word' id='word_1_156' title='bbox 705 3045 829 3103; x_wconf 90' lang='lat' dir='ltr'>turribus</span> <span class='ocrx_word' id='word_1_157' title='bbox 843 3063 955 3120; x_wconf 90' lang='lat' dir='ltr'>aequor</span> 
     </span>
     <span class='ocr_line' id='line_1_27' title="bbox 230 3141 1106 3217; baseline 0.006 -21"><span class='ocrx_word' id='word_1_158' title='bbox 230 3142 323 3215; x_wconf 89' lang='lat' dir='ltr'>prima</span> <span class='ocrx_word' id='word_1_159' title='bbox 336 3151 428 3198; x_wconf 86' lang='lat' dir='ltr'>ratem</span> <span class='ocrx_word' id='word_1_160' title='bbox 442 3142 536 3199; x_wconf 90' lang='lat' dir='ltr'>ventis</span> <span class='ocrx_word' id='word_1_161' title='bbox 551 3142 670 3199; x_wconf 87' lang='lat' dir='ltr'>credere</span> <span class='ocrx_word' id='word_1_162' title='bbox 686 3141 776 3200; x_wconf 91' lang='lat' dir='ltr'>docta</span> <span class='ocrx_word' id='word_1_163' title='bbox 789 3143 891 3217; x_wconf 90' lang='lat' dir='ltr'>Tyros,</span> <span class='ocrx_word' id='word_1_164' title='bbox 1075 3177 1106 3212; x_wconf 69' lang='lat' dir='ltr'>a&gt;</span> 
     </span>
     <span class='ocr_line' id='line_1_28' title="bbox 189 3238 856 3314; baseline 0.001 -18"><span class='ocrx_word' id='word_1_165' title='bbox 189 3238 281 3312; x_wconf 88' lang='lat' dir='ltr'>qualis</span> <span class='ocrx_word' id='word_1_166' title='bbox 296 3248 334 3308; x_wconf 82' lang='lat' dir='ltr'>et,</span> <span class='ocrx_word' id='word_1_167' title='bbox 349 3249 462 3296; x_wconf 87' lang='lat' dir='ltr'>arentes</span> <span class='ocrx_word' id='word_1_168' title='bbox 478 3257 546 3295; x_wconf 91' lang='lat' dir='ltr'>cum</span> <span class='ocrx_word' id='word_1_169' title='bbox 561 3239 645 3297; x_wconf 87' lang='lat' dir='ltr'>findit</span> <span class='ocrx_word' id='word_1_170' title='bbox 660 3240 748 3297; x_wconf 90' lang='lat' dir='ltr'>Sirius</span> <span class='ocrx_word' id='word_1_171' title='bbox 762 3258 856 3314; x_wconf 90' lang='lat' dir='ltr'>agros,</span> 
     </span>
     <span class='ocr_line' id='line_1_29' title="bbox 229 3334 805 3411; baseline 0.007 -21"><span class='ocrx_word' id='word_1_172' title='bbox 229 3334 327 3391; x_wconf 83' lang='lat' dir='ltr'>fertilis</span> <span class='ocrx_word' id='word_1_173' title='bbox 341 3335 450 3391; x_wconf 87' lang='lat' dir='ltr'>aestiva</span> <span class='ocrx_word' id='word_1_174' title='bbox 465 3335 548 3392; x_wconf 90' lang='lat' dir='ltr'>Nilus</span> <span class='ocrx_word' id='word_1_175' title='bbox 563 3335 694 3393; x_wconf 89' lang='lat' dir='ltr'>abundet</span> <span class='ocrx_word' id='word_1_176' title='bbox 708 3338 805 3411; x_wconf 81' lang='lat' dir='ltr'>aqua?</span> 
     </span>
     <span class='ocr_line' id='line_1_30' title="bbox 190 3431 891 3507; baseline 0.006 -18"><span class='ocrx_word' id='word_1_177' title='bbox 190 3431 257 3489; x_wconf 91' lang='lat' dir='ltr'>Nile</span> <span class='ocrx_word' id='word_1_178' title='bbox 272 3442 362 3506; x_wconf 89' lang='lat' dir='ltr'>pater,</span> <span class='ocrx_word' id='word_1_179' title='bbox 378 3449 505 3505; x_wconf 91' lang='lat' dir='ltr'>quanam</span> <span class='ocrx_word' id='word_1_180' title='bbox 519 3433 629 3507; x_wconf 89' lang='lat' dir='ltr'>possim</span> <span class='ocrx_word' id='word_1_181' title='bbox 644 3445 672 3490; x_wconf 88' lang='lat' dir='ltr'>te</span> <span class='ocrx_word' id='word_1_182' title='bbox 688 3433 786 3491; x_wconf 90' lang='lat' dir='ltr'>dicere</span> <span class='ocrx_word' id='word_1_183' title='bbox 801 3453 891 3493; x_wconf 86' lang='lat' dir='ltr'>causa</span> 
     </span>
     <span class='ocr_line' id='line_1_31' title="bbox 231 3528 842 3606; baseline 0.01 -22"><span class='ocrx_word' id='word_1_184' title='bbox 231 3537 280 3585; x_wconf 90' lang='lat' dir='ltr'>aut</span> <span class='ocrx_word' id='word_1_185' title='bbox 293 3528 399 3602; x_wconf 88' lang='lat' dir='ltr'>quibus</span> <span class='ocrx_word' id='word_1_186' title='bbox 414 3529 443 3585; x_wconf 92' lang='lat' dir='ltr'>iu</span> <span class='ocrx_word' id='word_1_187' title='bbox 458 3529 538 3586; x_wconf 89' lang='lat' dir='ltr'>terris</span> <span class='ocrx_word' id='word_1_188' title='bbox 553 3531 717 3588; x_wconf 91' lang='lat' dir='ltr'>occuluisse</span> <span class='ocrx_word' id='word_1_189' title='bbox 732 3533 842 3606; x_wconf 85' lang='lat' dir='ltr'>caput?</span> 
     </span>
     <span class='ocr_line' id='line_1_32' title="bbox 188 3625 1104 3703; baseline 0.004 -18"><span class='ocrx_word' id='word_1_190' title='bbox 188 3625 234 3685; x_wconf 90' lang='lat' dir='ltr'>Te</span> <span class='ocrx_word' id='word_1_191' title='bbox 248 3634 368 3700; x_wconf 90' lang='lat' dir='ltr'>propter</span> <span class='ocrx_word' id='word_1_192' title='bbox 382 3625 476 3684; x_wconf 90' lang='lat' dir='ltr'>nullos</span> <span class='ocrx_word' id='word_1_193' title='bbox 490 3627 573 3684; x_wconf 89' lang='lat' dir='ltr'>tellus</span> <span class='ocrx_word' id='word_1_194' title='bbox 588 3637 638 3685; x_wconf 86' lang='lat' dir='ltr'>tua</span> <span class='ocrx_word' id='word_1_195' title='bbox 652 3629 777 3702; x_wconf 89' lang='lat' dir='ltr'>postulat</span> <span class='ocrx_word' id='word_1_196' title='bbox 792 3629 907 3703; x_wconf 92' lang='lat' dir='ltr'>imbres,</span> <span class='ocrx_word' id='word_1_197' title='bbox 1074 3639 1104 3689; x_wconf 63' lang='grc' dir='ltr'>’ὅ</span> 
     </span>
     <span class='ocr_line' id='line_1_33' title="bbox 230 3721 849 3805; baseline 0.01 -26"><span class='ocrx_word' id='word_1_198' title='bbox 230 3721 311 3780; x_wconf 90' lang='lat' dir='ltr'>arida</span> <span class='ocrx_word' id='word_1_199' title='bbox 323 3740 387 3805; x_wconf 82' lang='lat' dir='ltr'>nec</span> <span class='ocrx_word' id='word_1_200' title='bbox 396 3723 497 3781; x_wconf 92' lang='lat' dir='ltr'>Pluvio</span> <span class='ocrx_word' id='word_1_201' title='bbox 511 3725 657 3800; x_wconf 91' lang='lat' dir='ltr'>supplicat</span> <span class='ocrx_word' id='word_1_202' title='bbox 671 3724 763 3786; x_wconf 88' lang='lat' dir='ltr'>herba</span> <span class='ocrx_word' id='word_1_203' title='bbox 777 3728 849 3785; x_wconf 92' lang='lat' dir='ltr'>Iovi.</span> 
     </span>
     <span class='ocr_line' id='line_1_34' title="bbox 188 3819 890 3899; baseline 0.004 -20"><span class='ocrx_word' id='word_1_204' title='bbox 188 3819 234 3880; x_wconf 90' lang='lat' dir='ltr'>Te</span> <span class='ocrx_word' id='word_1_205' title='bbox 249 3819 327 3880; x_wconf 88' lang='lat' dir='ltr'>cauit</span> <span class='ocrx_word' id='word_1_206' title='bbox 340 3829 428 3897; x_wconf 87' lang='lat' dir='ltr'>atque</span> <span class='ocrx_word' id='word_1_207' title='bbox 442 3839 528 3881; x_wconf 89' lang='lat' dir='ltr'>suum</span> <span class='ocrx_word' id='word_1_208' title='bbox 541 3822 636 3899; x_wconf 91' lang='lat' dir='ltr'>pubes</span> <span class='ocrx_word' id='word_1_209' title='bbox 651 3822 890 3885; x_wconf 83' lang='lat' dir='ltr'>miratur-Osirim</span> 
     </span>
    </p>
   </div>
   <div class='ocr_carea' id='block_1_5' title="bbox 0 0 1285 4230">
    <p class='ocr_par' dir='ltr' id='par_1_5' title="bbox 0 0 1285 4230">
     <span class='ocr_line' id='line_1_35' title="bbox 0 0 1285 4230; baseline 0 0"><span class='ocrx_word' id='word_1_210' title='bbox 0 0 1285 4230; x_wconf 95' lang='lat' dir='ltr'> </span> 
     </span>
    </p>
   </div>
  </div>
 </body>
</html>
