2558 4230
394 332 500 399 Lt‘ber
521 335 676 413 Quintus.
1023 343 1064 411 37

112 518 175 577 fana
187 519 270 577 lacus
284 518 367 577 lucos
381 537 443 576 aras
457 518 668 594 simulacraque
683 515 794 577 divom.
968 523 997 570 45
1010 511 1061 570 (75)

112 617 263 674 Praeterea
276 616 345 673 solis
359 633 458 673 cursus
472 615 615 691 lunaeque
630 623 742 673 meatus

112 713 266 788 expediam
281 712 381 787 quavi
395 711 493 770 flectat
506 721 608 769 natura
621 712 786 786 gubernans
797 729 806 783 ;

111 827 146 867 ne
160 810 234 867 forte
249 809 326 866 haec
340 809 415 867 inter
429 809 544 867 caelum
558 818 722 883 terramque
736 825 852 866 reamur

111 907 199 965 libera
212 915 319 982 sponte
335 924 388 964 sua
402 924 502 963 cursus
516 906 636 963 lustrare
651 906 787 980 perennis

112 1005 254 1079 morigera
268 1002 307 1061 ad
321 1004 417 1079 fruges
431 1001 580 1078 augendas
595 1012 682 1077 atque
698 1001 861 1075 animantis,
970 1009 1000 1058 50
1011 998 1063 1057 (80)

111 1119 183 1159 neve
198 1102 298 1177 aliqua
311 1100 412 1159 divom
425 1101 501 1158 volvi
513 1100 626 1157 ratione
641 1110 787 1175 putemus.

114 1199 192 1256 Nam
205 1199 284 1256 bene
300 1199 350 1273 qui
364 1197 495 1256 didicere
509 1197 584 1256 deos
598 1214 734 1254 securum
749 1214 834 1272 agere
848 1213 961 1270 aevom,

112 1296 135 1353 si
148 1305 248 1354 tamen
263 1297 376 1353 interea
389 1296 528 1353 mirantur
541 1313 600 1371 qua
612 1295 725 1352 ratione

113 1410 248 1467 quaeque
262 1393 323 1467 geri
337 1393 458 1467 possint,
473 1393 643 1467 praesertim
657 1392 743 1450 rebus
758 1392 788 1449 in
802 1392 855 1450 illis

114 1506 188 1564 quae
202 1507 310 1564 supera
324 1499 412 1564 caput
426 1489 560 1547 aetheriis
575 1499 733 1547 cernuntur
747 1490 777 1547 in
791 1491 858 1561 oris,
973 1497 1002 1546 55
1015 1486 1065 1546 (85)

113 1604 209 1646 rursus
224 1589 255 1646 in
269 1589 402 1664 antiquas
417 1589 578 1646 referuntur
592 1588 747 1663 religiones

116 1694 145 1742 et
158 1684 297 1743 dominos
312 1685 385 1743 acris
400 1684 577 1756 adsciscunt,
592 1687 692 1744 omnia
706 1703 793 1760 posse

116 1799 189 1857 quos
205 1782 302 1840 miseri
316 1781 450 1853 credunt,
466 1783 555 1857 ignari
570 1781 642 1857 quid
656 1792 745 1858 queat
759 1800 832 1855 esse,

117 1878 187 1954 quid
201 1889 338 1953 nequeat,
353 1879 434 1936 finita
447 1890 576 1954 potestas
591 1878 718 1955 denique
734 1881 840 1955 cuique

118 1994 246 2051 quanam
260 1977 296 2034 sit
310 1977 421 2034 ratione
437 1987 524 2051 atque
539 1977 596 2034 alte
611 1978 749 2034 terminus
764 1977 896 2036 haerens.
974 1977 1003 2021 ⁶0
1015 1974 1066 2033 (90)

159 2073 250 2148 Quod
264 2084 405 2148 superest,
420 2091 458 2131 ne
473 2084 501 2132 te
516 2074 546 2131 in
560 2074 709 2149 promissis
724 2074 806 2148 plura
821 2092 976 2147 moremur,

118 2172 263 2248 principio
278 2172 368 2228 maria
381 2189 416 2228 ac
430 2181 518 2229 terras
533 2171 705 2246 caelumque
721 2181 802 2229 tuere
814 2192 822 2243 3

119 2287 244 2344 quorum
258 2279 390 2326 naturam
405 2268 557 2342 triplicem,
573 2269 626 2325 tria
640 2284 772 2342 corpora,
789 2269 923 2342 Memmi,

119 2367 167 2425 tris
182 2367 297 2442 species
311 2374 372 2423 tam
385 2364 540 2434 dissimilis,
555 2365 609 2421 tria
623 2366 690 2422 talia
704 2374 793 2436 texta,

120 2482 178 2521 una
192 2462 256 2521 dies
271 2462 352 2521 dabit
366 2462 463 2534 exitio,
479 2462 643 2536 multosque
657 2480 710 2536 per
724 2479 817 2520 annos
977 2462 1005 2519 ⁶5
1019 2461 1069 2519 (95)

121 2570 279 2619 sustentata
293 2570 356 2618 ruet
371 2560 463 2618 moles
478 2570 508 2617 et
522 2559 658 2617 machina
671 2557 783 2617 mundi.

162 2754 238 2814 Illud
253 2757 323 2814 item
337 2774 399 2814 non
413 2765 457 2814 est
470 2764 503 2812 ut
516 2754 611 2829 possis
625 2752 746 2811 credere
760 2752 848 2812 sedes

123 2869 185 2911 esse
200 2854 291 2911 deum
304 2863 419 2912 sanetas
434 2854 464 2910 in
478 2851 580 2911 mundi
595 2852 724 2926 partibus
739 2851 812 2909 ullis.

123 2949 229 3008 Tenvis
243 2951 322 3008 enim
336 2960 440 3007 natura
453 2949 544 3008 deum
558 2949 703 3023 longeque
719 2958 831 3005 remota

93 3059 97 3066 '
124 3048 254 3107 sensibus
268 3047 425 3106 abnostris
440 3046 529 3104 animi
543 3047 590 3103 vix
604 3055 703 3102 mente
718 3045 851 3118 videtur;
965 3056 995 3100 70

124 3160 199 3220 quae
213 3145 353 3221 quoniam
367 3162 506 3201 manuum
521 3153 632 3200 tactum
646 3143 763 3218 suffugit
777 3152 806 3199 et
820 3143 920 3215 ictum,
1007 3151 1073 3210 (150)

124 3243 219 3301 tactile
234 3243 275 3300 nil
288 3241 374 3300 nobis
388 3239 470 3315 quod
484 3240 521 3298 sit
535 3240 704 3314 contingere
720 3239 819 3298 debet.

124 3339 257 3415 Tangere
271 3339 350 3397 enim
365 3356 427 3397 non
440 3338 503 3413 quit
517 3336 598 3411 quod
613 3337 691 3411 tangi
706 3355 766 3395 non
781 3337 849 3395 licet
863 3337 966 3412 ipsum.

126 3436 224 3510 Quare
238 3437 328 3494 etiam
341 3434 429 3493 sedes
443 3452 561 3509 quoque
576 3435 680 3492 nostris
696 3433 814 3492 sedibus
828 3452 892 3493 esse

126 3532 278 3592 dissimiles
292 3532 413 3604 debent,
428 3542 531 3590 tenues
547 3531 584 3589 de
600 3549 723 3606 corpore
739 3550 861 3604 eomm3
968 3540 997 3589 7⁵

126 3648 201 3706 quae
215 3631 268 3690 tibi
282 3630 426 3706 posterius
441 3630 521 3704 largo
536 3646 672 3686 sermone
687 3629 829 3704 probab0.
1010 3625 1074 3686 (¹55)

127 3728 233 3788 Dicere
248 3745 335 3803 porro
349 3727 502 3785 hominum
517 3744 606 3783 eausa
618 3726 743 3783 voluisse
758 3742 860 3800 parare

127 3825 304 3903 praeclaram
317 3823 421 3883 mundi
435 3833 567 3881 naturam
582 3833 795 3897 proptereaque
