2558 4230
107 362 136 429 v·]

468 345 596 410 rabula
615 345 765 431 Elegiae.

207 533 357 607 mixtaque
371 549 474 589 securo
489 539 533 588 est
546 530 642 589 sobria
655 531 775 607 lympha
785 550 877 590 mero.

169 632 249 689 Rura
262 631 358 688 serunt
372 646 491 700 messes,
507 628 594 686 calidi
608 647 677 686 cum
691 628 794 687 sideris
807 638 891 688 aestu
1051 635 1082 686 45

209 727 332 803 deponit
347 726 433 784 flavas
448 744 545 783 annua
559 736 634 784 terra
650 745 760 784 comas.

169 827 248 884 Rure
263 824 334 882 levis
348 841 437 881 verno
452 822 537 881 flores
552 823 614 898 apis
631 823 734 898 ingerit
749 824 842 896 alveo,

207 922 357 997 compleat
370 930 403 978 ut
417 919 495 977 dulci
510 919 613 978 sedula
628 920 713 978 melle
729 921 818 980 favos.

168 1019 303 1095 Agricola
316 1017 434 1076 assiduo
448 1018 574 1093 primum
592 1019 710 1076 satiatus
724 1029 819 1078 aratro

209 1116 336 1173 cantavit
350 1125 431 1173 certo
444 1114 552 1172 rustica
564 1115 652 1173 verba
666 1115 744 1190 pede

170 1223 200 1273 et
213 1223 291 1271 satur
305 1212 397 1270 arenti
410 1213 537 1288 primurn
552 1222 596 1269 est
610 1212 776 1271 modulatus
790 1230 884 1272 avena

209 1328 337 1381 carmen,
352 1319 385 1367 ut
397 1320 516 1367 ornatos
529 1308 641 1366 diceret
655 1321 722 1368 ante
738 1310 820 1383 deos,

169 1409 296 1485 agricola
309 1418 340 1466 et
353 1409 443 1466 minio
457 1407 591 1480 suffusus,
609 1408 735 1480 Bacche,
751 1410 866 1468 rubenti

209 1507 320 1582 primus
333 1506 484 1582 inexperta
499 1506 583 1564 duxit
597 1507 634 1564 ab
648 1518 708 1564 arte
723 1507 839 1567 choros.

170 1605 251 1663 Huic
266 1603 351 1662 datus
366 1623 384 1660 a
398 1604 495 1679 pleno,
511 1605 701 1663 memorabile
715 1625 829 1677 munuS,
845 1606 913 1665 ovili

210 1700 270 1759 dux
283 1702 399 1777 pecoris
414 1701 528 1773 hircus;
550 1711 667 1759 auxerat
684 1702 779 1759 hircus
794 1719 873 1761 oves.

171 1800 250 1857 Rure
265 1817 338 1874 puer
351 1817 440 1856 verno
455 1800 581 1874 primum
596 1800 634 1858 de
649 1800 719 1858 flore
735 1820 875 1860 coronam

210 1896 279 1954 fecit
293 1906 324 1954 et
337 1897 461 1971 antiquis
476 1897 614 1972 imposuit
630 1898 760 1956 Laribus.

173 1993 251 2051 Rure
266 1992 355 2050 etiam
370 1995 475 2051 teneris
491 2013 590 2052 curam
606 1995 769 2053 exhibitura
782 1996 885 2071 puellis

210 2091 297 2148 molle
312 2092 385 2167 gerit
398 2101 480 2166 tergo
495 2092 593 2149 lucida
605 2093 695 2150 vellus
710 2094 781 2151 ovis.

174 2189 254 2246 Hinc
268 2199 299 2247 et
312 2189 454 2247 semineus
469 2189 550 2247 labor
565 2200 616 2260 est,
633 2190 702 2247 hinc
716 2209 808 2265 pensa
821 2192 971 2268 colusque,

211 2286 290 2345 lusus
305 2296 334 2344 et
348 2287 484 2363 apposito
499 2287 604 2363 pollice
620 2299 713 2345 versat
727 2307 820 2364 opus:

175 2392 259 2458 atque
275 2383 372 2459 aliqua
385 2383 519 2442 assiduae
535 2386 639 2442 textrix
653 2396 773 2459 operata
788 2386 938 2446 Minervae
1090 2382 1141 2442 (⁶5)

212 2492 319 2554 cantat,
334 2490 363 2539 et
378 2482 502 2557 appulso
519 2483 577 2540 tela
590 2493 675 2541 sonat
689 2484 787 2542 latere.

175 2579 241 2655 Ipse
255 2597 373 2655 quoque
389 2580 465 2637 inter
479 2599 563 2656 agros
579 2581 710 2656 interque
725 2590 857 2639 armenta
871 2579 990 2657 Cupido
1054 2577 1083 2636 ⁶⁵

213 2687 298 2735 natus
312 2688 343 2735 et
357 2676 514 2735 indomitas
530 2677 636 2735 dicitur
651 2679 725 2735 inter
739 2697 838 2753 equas

175 2773 235 2832 Illic
249 2773 371 2832 indocto
386 2775 512 2851 primum
528 2793 559 2833 se
575 2777 705 2833 exercuit
719 2794 806 2834 arcu:

212 2871 259 2931 hei
275 2873 355 2944 mihi,
371 2890 460 2946 quam
475 2871 578 2931 doctas
593 2892 672 2930 nunc
687 2874 775 2932 habet
790 2873 835 2931 ille
851 2892 953 2933 manus
966 2876 973 2934 l
1091 2870 1142 2930 (70)

175 2969 219 3027 Ah
231 2970 338 3042 miseri,
353 2988 428 3044 quos
443 2970 490 3027 hic
505 2971 627 3046 graviter
643 2970 715 3028 deus
729 2975 832 3046 urget!
853 2982 883 3030 at
896 2972 943 3031 ille

211 3068 288 3139 felix,
303 3068 351 3125 cui
365 3067 498 3144 placidus
512 3069 614 3126 leniter
628 3069 707 3126 afflat
721 3072 820 3128 Amor.
1056 3064 1142 3125 70(⁸0)

175 3163 287 3237 Sancte,
302 3165 370 3223 veni
384 3164 509 3240 dapibus
523 3166 612 3239 lestis,
627 3165 681 3224 sed
695 3184 775 3242 pone
791 3167 908 3242 sagittas

212 3273 241 3321 et
254 3262 358 3337 procul
371 3262 506 3322 ardentes
522 3263 590 3321 hinc
604 3281 710 3338 precor
723 3263 799 3322 abde
814 3265 902 3324 laces.

175 3357 297 3418 Ludite:
320 3359 378 3417 iam
394 3360 464 3418 Nox
477 3360 569 3436 iungit
583 3379 685 3436 equos,
701 3380 874 3437 currumque
890 3369 1051 3437 sequuntur

211 3457 309 3514 matris
323 3456 432 3515 lascivo
446 3457 542 3516 sidera
557 3459 633 3516 fulva
648 3459 749 3531 choro,

176 3564 296 3630 postque
310 3555 390 3612 venit
404 3555 508 3613 tacitus
522 3557 608 3613 furvis
624 3556 819 3614 circumdatus
834 3556 886 3615 alis
1055 3563 1085 3613 ⁷5

213 3668 333 3711 somnus
349 3660 379 3710 et
392 3651 504 3710 incerto
519 3652 639 3712 Somnia
653 3653 735 3730 nigra
747 3652 837 3729 pede.
1091 3648 1141 3709 (90)
