2558 4230
418 333 524 399 Liber
547 332 687 399 Tertius.
1042 347 1082 413 33

117 519 190 597 quod
204 520 316 579 faciunt
328 519 414 579 nobis
429 537 572 578 annorum
585 527 730 594 tempora,
746 516 857 576 circum
1000 513 1081 574 (100⁵)

116 637 177 677 cum
189 617 316 677 redeunt
329 618 464 694 letusque
478 618 574 675 ferunt
586 617 739 692 variosque
754 616 878 692 lepores,

115 735 165 774 nec
179 726 279 774 tamen
293 717 445 791 explemur
457 715 525 772 vitai
540 714 678 772 fmctibus
693 732 842 788 umquam,

115 813 177 884 hoc,
191 824 225 872 ut
238 815 353 889 opinor,
368 812 399 871 id
414 822 467 883 est,
482 830 555 870 aevo
570 812 691 870 florente
706 811 817 887 puellas
962 808 1004 865 1⁸5

114 910 189 985 quod
204 921 370 968 memorant
383 910 500 967 laticem
514 919 665 984 pertusum
679 926 837 983 congerere
851 908 882 966 in
895 925 955 978 vas,

113 1007 189 1083 quod
204 1017 305 1066 tamen
318 1008 427 1082 expleri
441 1007 520 1064 nulla
532 1008 645 1064 ratione
660 1016 800 1082 potestur.
1000 999 1080 1059 (1010)

113 1105 256 1164 Cerberus
270 1114 300 1162 et
314 1105 403 1162 furiae
418 1105 476 1162 iarn
491 1122 560 1162 vero
574 1114 604 1161 et
618 1103 690 1160 lucis
703 1113 818 1178 egestas

111 1202 246 1260 Tartarus
260 1201 415 1260 horriferos
429 1211 564 1260 eructans
579 1201 712 1259 saucibus
726 1211 833 1270 aestus,

111 1299 159 1375 qui
173 1317 272 1374 neque
283 1309 351 1357 sunt
361 1317 483 1374 usquam
494 1317 550 1357 nec
561 1308 685 1375 possunt
696 1316 759 1356 esse
773 1297 916 1372 profecto.
962 1317 1004 1362 190

111 1395 168 1455 Sed
181 1407 278 1454 metus
293 1397 324 1454 in
337 1397 396 1453 vita
410 1414 572 1472 poenarum
587 1414 641 1471 pro
655 1396 733 1454 male
748 1395 831 1453 factis

112 1504 154 1551 est
167 1493 329 1569 insignibus
340 1493 468 1567 insignis,
483 1493 660 1568 scelerisque
675 1493 769 1563 luella,
1002 1486 1081 1544 (1015)

111 1609 210 1648 carcer
224 1600 255 1649 et
268 1590 411 1648 horribilis
425 1589 463 1648 de
478 1608 549 1648 saxo
564 1591 652 1648 iactu'
667 1590 814 1661 deorsum,

110 1689 230 1746 verbera
243 1688 394 1746 carnifices
408 1687 496 1746 robur
510 1688 561 1764 pix
574 1688 714 1745 lammina
727 1686 832 1745 taedae
844 1706 852 1757 ;

111 1802 185 1860 quae
196 1795 296 1843 tamen
308 1785 362 1842 etsi
372 1785 486 1855 absunt,
498 1796 527 1843 at
538 1803 621 1843 mens
632 1786 688 1843 sibi
698 1785 818 1843 conscia
828 1782 910 1841 sactis
961 1800 1003 1848 193

111 1893 315 1957 praemetuens
330 1881 452 1940 adhibet
465 1883 596 1940 stimulos
611 1892 755 1956 terretque
771 1881 889 1956 flagellis

111 1997 167 2037 nec
180 1979 262 2038 videt
275 1980 385 2038 interea
399 1980 449 2055 qui
463 1980 602 2037 terminus
617 1997 680 2036 esse
696 1979 837 2036 malorum
1001 1973 1081 2030 (10⁰0)

112 2077 203 2153 possit
217 2095 274 2135 nee
288 2095 364 2152 quae
378 2078 415 2134 sit
428 2095 590 2152 poenarum
605 2076 732 2151 denique
747 2076 812 2132 finis

112 2183 198 2249 atque
213 2174 320 2232 eadem
335 2175 438 2231 metuit
452 2174 543 2249 magis
558 2173 632 2231 haec
647 2192 684 2230 ne
700 2174 729 2231 in
744 2182 839 2230 morte
853 2179 1032 2247 gravescant.

113 2271 173 2329 Hic
188 2272 349 2329 Acherusia
362 2272 394 2328 fit
408 2271 561 2328 stultomm
575 2270 704 2345 denique
719 2271 786 2328 vita.
961 2279 1005 2311 ²⁰0

153 2370 224 2426 Hoc
238 2370 326 2427 etiarn
340 2368 392 2426 tibi
407 2377 468 2426 tute
480 2366 629 2426 interdum
643 2364 743 2423 dicere
757 2365 852 2439 possis

114 2465 239 2524 ‘lumina
252 2466 290 2523 sis
304 2466 396 2523 oculis
412 2467 499 2523 etiam
513 2466 609 2525 bonus
624 2467 718 2523 Ancu’
733 2465 848 2539 reliquit
1001 2459 1080 2519 (1025)

113 2565 163 2638 qui
177 2564 280 2623 melior
293 2563 389 2620 multis
404 2582 493 2638 quam
507 2573 538 2621 tu
554 2563 615 2634 fuit,
630 2562 773 2636 improbe,
787 2562 882 2620 rebus.

114 2660 190 2719 Inde
204 2661 253 2719 alii
266 2661 348 2718 multi
361 2678 444 2735 reges
458 2678 612 2735 rerumque
627 2669 762 2734 potentes

112 2758 294 2829 occiderunt,
309 2759 421 2833 magnis
436 2758 485 2833 qui
500 2757 633 2832 gentibus
648 2757 857 2831 imperitarunt.
960 2763 1003 2810 005

114 2856 165 2914 Ille
181 2873 299 2930 quoque
314 2855 386 2930 ipse,
401 2855 477 2912 viam
491 2855 541 2929 qui
555 2853 706 2929 quondam
719 2870 773 2927 per
785 2870 865 2909 mare
880 2870 1018 2927 magnum

113 2955 210 3011 stravit
225 2954 336 3028 iterque
351 2952 433 3010 dedit
448 2951 609 3027 legionibus
623 2951 663 3008 ire
678 2968 732 3025 per
746 2951 835 3007 altum
1002 2946 1081 3003 t1030)

114 3069 149 3109 ac
162 3050 289 3127 pedibus
303 3050 391 3108 salsas
405 3049 507 3108 docuit
521 3066 655 3123 superare
669 3048 790 3106 lucunas

113 3153 143 3204 et
152 3145 311 3203 contemsit
321 3145 404 3220 equis
415 3145 556 3203 insultans
563 3162 710 3201 murmura
723 3143 815 3219 ponti,

112 3237 220 3297 lumine
235 3238 375 3315 adempto
389 3240 516 3297 animam
530 3239 706 3297 moribundo
721 3259 843 3314 corpore
858 3239 942 3300 fudit.
961 3262 1005 3296 210

113 3335 271 3412 Scipiadas,
287 3336 355 3396 belli
369 3337 486 3406 fulmen,
503 3336 683 3410 Carthaginis
700 3337 807 3406 horror,

111 3450 178 3492 ossa
192 3433 275 3492 dedit
289 3444 381 3492 terrae
395 3432 519 3508 proinde
534 3450 569 3489 ac
584 3433 672 3490 famul
687 3434 802 3491 infimus
817 3443 903 3493 esset.
1001 3431 1079 3490 (1035)

112 3530 198 3589 Adde
212 3541 374 3606 repertores
389 3530 588 3589 doctrinarum
602 3540 689 3604 atque
704 3530 847 3605 leporum,

112 3627 189 3686 adde
205 3626 433 3686 Heliconiadum
448 3628 590 3700 comites;
612 3646 736 3702 quorum
749 3647 824 3685 unus
841 3630 988 3687 Homerus

112 3734 226 3800 sceptra
239 3725 347 3800 potitus
362 3724 468 3783 eadem
484 3724 544 3781 aliis
560 3725 665 3799 sopitu’
682 3725 815 3799 quietest.
959 3733 1003 3782 ²15

113 3821 247 3899 Denique
263 3822 465 3892 Democritum
480 3831 635 3911 postquam
650 3833 760 3880 matura
775 3831 901 3881 vetustas
