2558 4230
424 340 529 407 Liber
547 342 698 410 Primus.

121 520 154 580 In
166 538 197 582 se
210 538 320 599 magna
332 533 439 585 munt:
460 525 541 587 laetis
555 527 634 588 hunc
647 530 769 590 numina
781 531 868 592 rebus
1002 534 1032 578 ⁶⁰

120 619 268 678 crescendi
281 638 407 696 posuere
422 622 563 699 modum,
584 643 641 685 nec
655 629 789 703 gentibus
803 629 868 689 ullis

119 715 288 775 commodat
300 719 333 780 in
347 720 499 795 populum,
515 731 607 782 terrae
621 725 775 800 pelagique
793 736 955 802 potentem,

118 811 252 872 invidiam
267 815 398 875 Fortuna
411 835 503 878 suam.
543 821 590 879 Tu
604 839 708 880 caussa
724 823 876 897 malorum,

118 908 191 969 facta
203 911 295 972 tribus
309 911 437 974 dominis
451 918 625 990 communis,
644 920 750 993 Roma,
765 940 822 981 nec
836 942 975 999 umquam

117 1006 145 1065 in
157 1008 273 1069 turbam
287 1010 367 1070 missi
381 1011 479 1071 feralia
492 1013 613 1073 foedera
627 1018 719 1092 regni.
1000 1022 1029 1080 ⁶5

118 1105 232 1166 Omale
248 1107 413 1167 concordes
426 1111 574 1187 nimiaque
593 1115 733 1189 cupidine
747 1118 839 1190 caeci,

118 1204 185 1280 quid
200 1206 325 1265 miscere
339 1207 417 1265 iuvat
430 1208 513 1279 vires,
531 1211 692 1287 orbemque
707 1224 806 1273 tenere

117 1303 145 1361 in
158 1304 281 1363 medio?
320 1306 401 1364 Dum
415 1315 490 1364 terra
504 1307 619 1381 fretum,
635 1319 798 1387 terramque
812 1313 919 1374 levabit

118 1419 171 1474 aer,
186 1412 216 1461 et
229 1403 311 1479 longi
324 1404 441 1463 volvent
455 1406 561 1464 Titana
576 1408 699 1480 labores,

117 1517 230 1575 noxque
245 1501 326 1561 diem
340 1503 426 1562 coelo
441 1503 565 1562 totidem
580 1523 633 1580 per
647 1508 730 1582 signa
743 1517 891 1583 sequetur,

117 1599 190 1657 nulla
214 1599 290 1660 fides
303 1601 386 1676 regni
400 1603 496 1673 sociis,
512 1604 666 1679 omnisque
681 1615 810 1679 potestas

117 1697 268 1773 impatiens
283 1700 426 1758 consortis
440 1701 502 1759 erit.
547 1702 575 1759 N
578 1720 613 1759 ec
628 1703 762 1776 gentibus
776 1704 840 1763 ullis

118 1797 233 1869 credite,
248 1815 305 1857 nec
319 1798 407 1874 longe
422 1798 547 1857 fatorum
563 1801 699 1875 exempla
712 1811 856 1876 petantur.

119 1894 254 1954 Fraterno
268 1897 354 1971 primi
369 1896 544 1955 maduerunt
560 1898 699 1972 sanguine
715 1900 798 1957 muri.

118 1993 178 2051 Nec
192 1995 320 2069 pretium
334 1995 406 2052 tanti
421 1995 504 2053 tellus
521 2007 687 2070 pontusque
702 1997 804 2055 furoris
998 2007 1027 2055 75

118 2099 181 2150 tunc
195 2102 276 2151 erat:
299 2092 436 2167 exiguum
452 2091 588 2150 dominos
605 2094 751 2151 commisit
764 2094 884 2169 asylum.

150 2191 307 2265 Temporis
322 2190 436 2264 angusti
452 2191 558 2247 mansit
573 2191 733 2248 concordia
747 2190 878 2264 discors;

117 2303 226 2362 paxque
241 2287 294 2345 fuit
308 2305 369 2345 non
384 2298 489 2362 sponte
507 2287 627 2345 ducum.
673 2289 749 2345 Nam
765 2290 827 2346 sola
841 2290 927 2348 futuri

118 2383 233 2444 Crassus
247 2395 309 2445 erat
323 2385 391 2444 belli
406 2384 520 2442 medius
536 2403 627 2442 mora.
670 2385 809 2459 Qualiter,
825 2387 918 2445 undas

116 2483 160 2556 qui
174 2492 255 2541 secat
269 2493 299 2540 et
312 2482 462 2558 geminum
478 2483 590 2556 gracilis
609 2501 688 2540 mare
703 2494 818 2558 separat
833 2485 959 2545 Isthmos
999 2493 1028 2539 80

116 2596 167 2637 nec
181 2581 290 2656 patitur
303 2580 435 2639 conferre
451 2580 564 2650 fretum,
583 2581 607 2638 si
621 2590 696 2638 terra
709 2580 837 2652 recedat,

116 2676 229 2736 Ionium
242 2680 363 2753 Aegaeo
377 2678 490 2752 franget
505 2695 604 2735 mare:
626 2678 678 2748 sic,
693 2678 752 2749 ubi,
767 2697 853 2737 saeva

114 2792 190 2833 arma
203 2774 315 2834 ducum
330 2774 479 2845 dirimenS,
495 2775 661 2833 miserando
676 2776 776 2833 funere
792 2776 912 2835 Crassus

114 2874 239 2948 Assyrias
255 2874 340 2932 Latio
353 2874 510 2932 maculavit
524 2873 665 2947 sanguine
680 2873 792 2944 Carras,

114 2970 245 3029 Parthica
259 2973 412 3030 Romanos
427 2973 574 3030 solverunt
592 2969 701 3027 damna
714 2971 833 3029 furores.
997 2971 1025 3027 85

114 3069 178 3127 Plus
191 3070 240 3127 illa
252 3070 337 3129 vobis
352 3072 425 3143 acie,
441 3090 529 3147 quam
546 3067 673 3137 creditis,
689 3077 788 3125 actum
802 3077 856 3140 est,

112 3168 287 3227 Arsacidae:
309 3169 417 3229 bellum
431 3170 515 3229 victis
531 3170 614 3227 civile
632 3165 763 3225 dedistis

112 3265 257 3327 Dividitur
270 3267 346 3326 ferro
359 3286 500 3344 regnum:
525 3267 684 3343 populique
701 3263 839 3340 potentis,

111 3381 186 3439 quae
201 3382 290 3437 mare,
305 3383 382 3440 quae
396 3375 494 3436 terras,
510 3383 585 3441 quae
602 3375 697 3423 totum
712 3362 844 3420 continet
858 3359 970 3432 orbem,

110 3479 170 3519 non
185 3463 266 3538 cepit
279 3463 394 3522 fortuna
408 3461 492 3521 duos.
536 3463 614 3520 Nam
629 3463 752 3537 pignora
768 3460 859 3519 iuncti
995 3461 1025 3515 9ο

111 3560 258 3635 sanguinis
273 3570 302 3618 et
316 3559 380 3618 diro
394 3559 496 3618 ferales
511 3559 610 3618 omine
625 3558 707 3617 tedas

110 3654 228 3714 abstulit
241 3655 281 3714 ad
294 3674 404 3729 manes,
421 3659 585 3725 Parcanrm,
601 3656 683 3725 Iulia,
699 3672 786 3714 saeva

109 3751 274 3830 intercepta
286 3772 385 3814 manu.
427 3752 542 3828 Quodsi
555 3752 608 3811 tibi
622 3754 681 3810 fata
694 3751 845 3812 dedissent

109 3850 234 3908 maiores
243 3851 274 3908 in
286 3851 355 3909 luce
366 3867 472 3927 moras,
489 3859 520 3913 tu
535 3851 599 3914 sola
613 3852 746 3916 furentes
