2558 4230
452 324 584 388 Lucani
612 321 805 389 Pharsalia.

184 510 332 580 occubuit,
348 509 496 585 dignoque
512 510 585 584 perit
598 519 717 567 auctore
732 509 851 568 ruinae:

184 626 252 682 rege
267 608 321 665 sub
336 608 458 682 impur0,
475 608 603 664 Nilotica
616 625 681 664 rura
694 616 823 678 tenente,

186 704 303 779 hospitii
317 705 406 762 fretus
420 704 541 779 superis,
557 715 586 761 et
601 721 721 761 munere
736 712 817 761 tanto

185 802 215 860 in
229 820 363 876 proavos,
380 801 497 873 cecidit,
513 801 616 859 donati
630 802 747 858 victima
761 801 851 876 regni.

184 899 254 956 Vidi
269 916 325 973 ego
340 899 518 973 magnanimi
533 899 694 956 lacerantes
709 911 829 974 pectora
843 900 950 976 patris:

185 1015 241 1054 nec
257 996 380 1054 credens
397 997 531 1053 Pharium
546 1005 659 1054 tantum
675 999 803 1072 potuisse
818 1008 984 1074 tyrannum,

185 1095 267 1152 litore
285 1095 399 1151 Niliaco
414 1112 548 1151 socerum
564 1097 621 1154 iam
636 1109 710 1154 stare
726 1097 832 1171 putavi.

186 1191 245 1250 Sed
261 1211 307 1248 me
322 1210 379 1248 nec
395 1194 520 1267 sanguis,
535 1212 591 1251 nec
605 1204 718 1251 tantum
732 1195 850 1252 vulnera
864 1193 955 1251 nostri

186 1289 320 1347 adiecere
336 1290 422 1359 seniS,
439 1303 580 1366 quantum
595 1302 705 1366 gestata
719 1309 772 1365 per
785 1292 889 1349 urbem
912 1364 916 1370 Ι

186 1406 237 1445 ora
251 1387 343 1459 ducis
359 1407 435 1462 quae
450 1391 587 1447 transfixo
602 1389 737 1447 sublimia
750 1389 810 1463 pilo

185 1485 328 1543 vidimus:
353 1486 436 1556 haec,
451 1487 529 1544 fama
542 1496 595 1556 est,
610 1487 702 1543 oculis
718 1486 833 1543 victoris
848 1485 940 1560 iniqui

187 1583 311 1655 servari3
333 1584 508 1657 scelerisque
523 1583 612 1641 fidem
628 1585 774 1657 quaesisse
789 1584 963 1658 tyrannum!

228 1682 344 1738 Interea
358 1682 434 1751 totis,
450 1681 550 1738 audito
565 1681 664 1739 sunere
681 1681 790 1755 Magni,

186 1779 315 1837 litoribus
331 1779 430 1837 sonuit
445 1797 598 1853 percussus
612 1779 776 1853 planctibus
791 1778 909 1837 aether:

187 1877 382 1950 exemploque
398 1895 509 1946 carens,
526 1888 554 1933 et
569 1877 637 1933 nulli
656 1877 788 1950 cognitus
802 1894 876 1933 aevo

186 1975 281 2033 luctus
296 1985 365 2044 erat,
381 1984 504 2032 mortem
521 1975 646 2048 populos
662 1972 770 2030 deflere
785 1974 923 2047 potentis.

187 2073 246 2132 Sed
263 2073 363 2146 magis
380 2081 411 2128 ut
425 2073 486 2128 visa
500 2082 543 2127 est
558 2071 681 2127 lacrimis
696 2054 844 2141 exhausta,
860 2070 968 2129 solutas

187 2172 215 2228 in
232 2171 324 2227 vultus
340 2169 431 2226 effusa
445 2186 554 2238 comas
570 2168 707 2226 Cornelia
721 2168 813 2242 puppi

187 2267 349 2342 egrediens,
365 2285 461 2324 rursus
476 2266 624 2340 geminato
639 2266 759 2323 verbere
774 2265 924 2339 plangunt.

188 2367 228 2425 Ut
244 2366 369 2439 primum
385 2365 413 2421 in
429 2365 526 2421 sociae
541 2364 672 2437 pervenit
686 2363 769 2420 litora
783 2372 885 2434 terrae,

188 2464 304 2537 collegit
319 2473 422 2532 vestes
438 2462 592 2535 miserique
609 2461 731 2535 insignia
746 2460 857 2536 Magni,

187 2578 335 2634 armaque,
351 2572 380 2616 et
395 2559 549 2633 impressas
564 2576 643 2628 aum,
659 2576 730 2632 quas
745 2567 871 2633 gesserat
885 2557 965 2631 olim,

188 2658 313 2727 exuvias,
330 2658 480 2731 pictasque
497 2665 587 2729 togas,
602 2656 746 2712 velamina
760 2672 876 2712 summo

188 2764 231 2812 ter
245 2764 404 2828 conspecta
420 2753 491 2822 Iovi,
507 2754 681 2825 funestoque
697 2753 790 2809 intulit
805 2752 873 2827 igni.

189 2853 241 2909 Ille
257 2852 308 2908 luit
323 2852 443 2907 miserae
461 2849 562 2923 Magni
577 2849 658 2906 cinis.
700 2849 815 2924 Accipit
829 2849 926 2907 omnis

189 2948 355 3023 exemplum
371 2949 472 3022 pietas,
488 2957 517 3003 et
531 2955 594 3003 toto
608 2946 789 3004 litore'busta

189 3055 317 3120 surgunt,
332 3045 505 3102 Thessalicis
522 3043 675 3100 reddentia
690 3043 822 3100 manibus
836 3043 945 3118 ignem.

189 3144 246 3212 Sic,
261 3142 309 3199 ubi
326 3141 454 3216 depastis
470 3141 639 3200 submittere
654 3140 783 3214 gramina
798 3141 919 3214 campis,

189 3250 219 3297 et
229 3257 367 3297 renovare
383 3257 486 3313 parans
503 3239 637 3296 hibernas
656 3238 766 3312 Apulus
783 3237 896 3309 herbas,

188 3337 255 3410 igne
270 3336 348 3393 fovet
363 3346 460 3404 terras,
476 3337 561 3393 simul
576 3345 605 3392 et
622 3337 783 3410 Garganus,
798 3343 827 3392 et
841 3353 909 3393 arva

188 3433 324 3502 Vulturis,
340 3442 368 3489 et
383 3433 471 3490 calidi
486 3433 584 3490 lucent
599 3433 705 3490 buceta
721 3432 834 3490 Matini.

231 3531 299 3588 Non
315 3539 412 3587 tamen
428 3529 465 3586 ad
482 3530 582 3604 Magni
597 3531 728 3604 pervenit
743 3530 849 3605 gratius
862 3529 990 3604 umbras

190 3645 278 3684 omue
294 3626 375 3701 quod
390 3627 419 3684 in
434 3646 554 3701 superos
569 3626 659 3685 audet
674 3628 807 3684 convicia
820 3627 931 3702 vulgus

191 3725 423 3799 Pompeiumque
439 3724 501 3782 deis
516 3724 616 3794 obicit,
632 3743 719 3798 quam
735 3742 830 3798 pauca
844 3724 968 3783 Catonis

188 3820 285 3892 verba,
300 3818 355 3877 sed
369 3838 387 3877 a
399 3820 487 3895 pleno
501 3820 648 3880 venientia
661 3830 781 3896 pectore
796 3820 866 3879 veri.
