2558 4230
107 334 148 401 a]

451 310 621 404 Propertii
639 320 788 404 Elegiae.

174 507 211 564 At
224 505 296 564 mihi
310 505 395 580 quod
407 506 475 565 vivo
488 505 644 564 detraxerit
658 505 758 564 invida
771 505 864 578 turba,

211 613 279 678 post
293 603 408 662 obitum
421 603 532 679 duplici
546 604 646 662 fenore
659 603 765 662 reddet
780 605 897 663 Honos.

174 699 282 760 Omnia
294 709 363 776 post
377 700 490 760 obitum
504 701 586 776 fingit
600 701 710 759 maiora
723 710 860 774 vetustas,

212 798 305 855 maius
319 798 358 856 ab
372 799 502 873 exequiis
515 817 626 856 nomen
640 799 670 856 in
685 816 736 856 ora
748 799 836 857 venit.

175 895 252 953 Nam
265 895 332 969 quis
346 912 425 970 equo
438 895 536 970 pulsas
550 895 676 971 abiegno
690 906 825 954 nosceret
838 913 929 970 arces,
1057 905 1086 954 Ω5

212 991 390 1066 fluminaque
407 993 577 1050 Haemonio
591 993 725 1051 cominus
740 993 796 1051 isse
811 994 881 1066 viro,

174 1089 297 1148 Idaeum
312 1089 463 1148 Simoenta
476 1090 554 1148 Iovis
567 1090 712 1148 cunabula
725 1091 814 1165 parvi,

214 1188 349 1245 Hectora
362 1203 416 1262 per
428 1205 550 1262 campos
563 1197 608 1245 ter
621 1188 782 1246 maculasse
796 1189 896 1247 rotas?

174 1284 422 1360 Deiphobumque
437 1284 645 1360 Helenumque
660 1294 690 1343 et
704 1285 913 1361 Polydamanta
928 1295 957 1345 et
970 1286 1001 1346 in
1014 1288 1100 1347 armis

212 1382 457 1456 qualemcumque
473 1383 558 1440 Parin
571 1383 619 1440 vix
633 1401 685 1441 sua
698 1393 799 1441 nosset
812 1382 927 1443 humus.
1056 1395 1086 1441 30

176 1479 289 1555 Exiguo
303 1497 439 1537 sermone
453 1479 529 1538 sores
543 1499 632 1552 nunc,
648 1481 724 1539 Ilion
736 1491 765 1538 et
778 1490 811 1538 tu

211 1578 301 1635 Troia
314 1577 360 1635 bis
374 1578 479 1636 Oetaei
493 1579 613 1636 numine
628 1588 715 1653 capta
729 1578 787 1637 dei.

175 1675 238 1732 Nec
252 1693 315 1733 non
328 1675 375 1732 ille
389 1675 432 1733 tui
446 1693 530 1733 casus
544 1685 722 1734 memorator
736 1677 886 1736 Homems

211 1773 380 1848 posteritate
395 1792 481 1831 suum
495 1791 627 1831 crescere
642 1774 732 1832 sensit
746 1793 831 1849 opus.

176 1870 284 1944 Meque
298 1870 374 1928 inter
388 1888 468 1928 seros
482 1870 613 1929 laudabit
628 1873 726 1929 Roma
740 1881 882 1947 nepotes:
1055 1882 1084 1931 35

212 1967 292 2026 illum
306 1978 375 2042 post
389 1968 502 2026 cineres
516 1987 641 2044 auguror
655 1969 716 2043 ipse
731 1969 820 2029 diem.

176 2065 220 2122 Ne
233 2083 302 2123 mea
315 2075 489 2141 contempto
504 2067 576 2142 lapis
591 2066 702 2124 indicet
716 2086 783 2124 ossa
797 2069 940 2143 sepulcro,

211 2162 360 2238 provisum
374 2172 419 2220 est
434 2163 526 2238 Lycio
540 2173 609 2220 vota
622 2164 764 2239 probante
779 2164 847 2223 deo.

175 2259 315 2318 Carminis
328 2260 441 2317 interea
454 2260 546 2317 nostri
559 2259 714 2318 redeamus
728 2262 759 2318 in
773 2263 883 2336 orbem,

210 2356 337 2432 gaudeat
351 2365 384 2416 ut
396 2357 483 2416 solito
496 2366 576 2416 tacta
587 2358 685 2433 puella
698 2377 782 2418 sono.

508 2599 561 2658 v1.
608 2598 662 2678 <w-
679 2598 722 2675 ε.)

174 2745 291 2822 Orphea
304 2745 464 2805 detinuisse
478 2747 553 2805 seras
567 2757 597 2805 et
612 2749 728 2805 concita
741 2748 843 2807 dicunt

210 2843 331 2901 flumina
342 2844 481 2901 Threicia
494 2845 661 2903 sustinuisse
677 2845 753 2919 lyra:

173 2957 241 2998 saxa
253 2941 439 3000 Cithaeronis
453 2942 571 2999 Thebas
586 2943 692 3017 agitata
706 2960 758 3016 per
772 2953 864 3002 artem

210 3047 314 3112 sponte
329 3039 425 3096 suain
439 3039 513 3095 muri
527 3039 660 3096 membra
674 3040 767 3098 coisse
782 3041 894 3099 ferunt:

172 3134 353 3209 quinetiam,
369 3135 558 3210 Polypheme,
573 3137 634 3193 fera
649 3138 771 3195 Galatea
784 3138 838 3196 suh
852 3141 947 3198 Aetna
1068 3149 1083 3198 5

209 3231 248 3289 ad
261 3241 313 3289 tua
325 3241 456 3291 rorantes
470 3234 599 3291 carmina
614 3233 692 3291 flexit
708 3252 817 3308 equos:

171 3329 316 3401 miremur,
331 3330 417 3388 nobis
431 3340 460 3388 et
475 3331 594 3389 Baccho
609 3341 639 3389 et
653 3332 788 3406 Apolline
804 3332 907 3392 dextro

209 3426 294 3484 turba
307 3426 469 3502 puellarum
483 3429 507 3486 si
521 3445 587 3485 mea
600 3429 689 3485 verba
703 3429 793 3487 colit?

172 3521 260 3597 Quod
274 3541 335 3582 non
348 3524 497 3583 Taenariis
512 3524 617 3583 domus
633 3536 676 3583 est
690 3527 761 3583 mihi
776 3527 846 3584 fulta
860 3528 1015 3603 columnis,

209 3638 264 3678 nec
280 3639 397 3679 camera
409 3631 522 3680 auratas
540 3622 614 3680 inter
628 3622 738 3680 eburna
752 3624 857 3696 trabes,
1055 3635 1083 3671 10

171 3733 226 3774 nec
239 3736 306 3775 mea
321 3718 468 3777 Phaeacas
483 3730 610 3793 aequant
624 3721 754 3794 pomaria
768 3721 861 3794 silvas,

209 3831 270 3873 non
283 3833 409 3892 operosa
420 3815 494 3892 rigat
507 3817 637 3878 Marcius
653 3826 736 3879 antra
748 3816 846 3899 liquor
858 3839 869 3898 ·,
