2558 4230
109 331 152 394 68

489 330 617 394 Tibulli
638 329 786 414 Elegiae.

539 567 575 624 Χ·
619 566 669 644 (W-
687 563 729 642 2·l

191 712 319 789 Sulpicia
332 722 378 772 est
391 714 443 773 tibi
458 714 536 772 culta
548 714 614 786 tuis,
630 716 710 772 Mars
725 732 840 790 magne,
854 713 1007 775 kalendis:

230 821 394 885 spectatum
409 830 425 868 e
441 811 533 882 cae10,
549 812 572 868 si
587 812 672 886 sapis,
688 812 750 886 ipse
764 812 840 869 veni.

190 908 262 966 Hoc
276 909 376 965 Venus
391 909 541 983 ignoscet:
566 918 596 965 at
609 916 649 979 tu,
664 908 799 980 violente,
815 917 919 967 caveto

230 1023 267 1061 ne
281 1005 333 1063 tibi
348 1006 462 1062 miranti
476 1005 597 1079 turpiter
611 1024 691 1062 arma
705 1005 822 1064 cadant.

189 1102 269 1160 Illius
284 1120 320 1159 ex
334 1103 435 1174 oculis,
451 1122 519 1160 cum
535 1103 594 1160 vult
609 1121 727 1160 exurere
743 1104 835 1175 divos,

228 1200 365 1258 accendit
379 1201 510 1275 geminas
525 1201 676 1275 lampadas
692 1219 760 1258 acer
772 1203 873 1261 Amor.

190 1297 283 1368 Illam,
299 1298 439 1372 quicquid
454 1299 520 1373 agit,
536 1317 657 1373 quoquo
671 1299 791 1374 vestigia
804 1299 904 1373 movit,

230 1396 382 1470 componit
396 1396 492 1453 furtim
507 1397 749 1471 subsequiturque
764 1398 873 1456 Decor.

189 1492 247 1552 Seu
263 1493 347 1550 solvit
361 1495 464 1565 crines,
480 1494 549 1552 fusis
565 1494 653 1551 decet
668 1512 731 1551 esse
747 1495 875 1569 capillis:

230 1608 282 1647 seu
297 1592 431 1665 compsit,
447 1592 572 1667 comptis
588 1601 631 1649 est
645 1592 813 1649 veneranda
827 1592 930 1652 comis.
1077 1603 1105 1638 1⁰

188 1688 263 1759 Urit,
279 1706 330 1745 seu
343 1689 430 1763 Tyria
444 1690 534 1746 voluit
548 1689 709 1763 procedere
725 1690 820 1764 palla:

229 1786 294 1856 urit,
310 1803 361 1843 seu
376 1786 460 1843 nivea
475 1786 602 1843 candida
616 1796 695 1843 veste
711 1787 799 1845 venit.

187 1882 266 1940 Talis
281 1883 310 1939 in
324 1893 445 1940 aeterno
458 1882 526 1939 felix
539 1884 716 1941 Vertumnus
733 1884 861 1959 Olympo

228 1980 306 2036 mille
322 1979 410 2037 habet
424 1989 550 2051 omatus,
566 1980 642 2037 mille
658 1980 798 2037 decenter
812 1980 909 2040 habet.

187 2074 255 2135 Sola
269 2076 429 2149 puellarum
444 2076 534 2150 digna
548 2088 600 2148 est,
616 2077 664 2134 cui
679 2076 777 2134 mollia
791 2078 864 2135 caris
1076 2087 1104 2136 15

228 2173 333 2230 vellera
347 2173 398 2231 det
412 2175 506 2232 suecis
521 2175 564 2232 bis
578 2174 743 2232 madefacta
756 2176 858 2249 Tyros,

187 2270 404 2346 possideatque,
419 2272 502 2328 metit
517 2271 657 2346 quiequid
672 2272 748 2329 bene
765 2272 911 2332 olentibus
924 2273 999 2333 arvis

229 2367 321 2425 cultor
335 2366 474 2424 odoratae
490 2367 571 2426 dives
586 2369 677 2426 Arabs
693 2369 808 2444 segetis

187 2473 218 2523 et
231 2482 431 2539 quascumque
446 2465 528 2539 niger
540 2465 628 2523 rubro
643 2465 682 2523 de
697 2465 779 2524 litore
794 2484 926 2541 gemmas

192 2597 194 2601 ·
226 2563 375 2637 proximus
391 2561 462 2618 Eois
477 2561 585 2636 colligit
600 2561 692 2619 Indus
707 2563 799 2636 aquis.

185 2660 276 2719 Hanc
291 2677 352 2730 vm,
368 2656 506 2729 Pierides,
522 2658 601 2716 festis
616 2668 732 2715 cantate
746 2659 888 2732 kalendis,

226 2764 257 2815 et
269 2753 435 2814 testudinea
450 2755 570 2814 Phoebe
585 2755 710 2831 superbe
725 2756 793 2831 lyra.

186 2855 257 2913 Hoc
272 2854 403 2911 solemne
418 2871 552 2910 sacrum:
575 2853 681 2911 multos
695 2853 753 2910 hoc
769 2864 865 2912 sumet
878 2854 909 2912 in
922 2874 1037 2920 annos:

225 2949 341 3026 dignior
354 2959 398 3008 est
412 2959 508 3008 vestro
523 2950 601 3008 nulla
615 2951 712 3026 puella
726 2950 827 3009 choro.
