2558 4230
448 337 553 404 Liber
573 338 731 420 Quartus.

150 519 287 582 admisere
301 521 401 584 diem:
424 525 621 603 propulsaque
636 529 741 587 robore
756 528 851 589 denso

149 620 278 679 sustinuit
290 639 323 679 se
337 622 407 680 silva
420 623 540 682 cadens.
583 626 730 684 Gemuere
744 627 878 687 videntes

149 715 294 775 Gallorum
311 719 431 794 populi:
454 722 543 780 muris
557 720 611 779 sed
625 723 723 781 clausa
736 724 869 784 iuventus

149 816 276 876 exsultat
321 818 395 892 Quis
409 821 489 878 enim
503 820 597 880 laesos
612 823 732 900 impune
747 836 861 901 putaret
1030 830 1061 875 ⁶0

149 935 208 976 esse
223 917 320 976 deos?
361 920 460 979 Servat
473 923 580 980 multos
594 924 709 982 fortuna
722 936 882 986 nocentes:

147 1029 172 1078 et
185 1028 301 1078 tantum
317 1020 428 1080 miseris
443 1022 527 1081 nasci
540 1024 661 1082 numina
675 1036 807 1101 possunt.

147 1121 241 1196 thue
256 1120 327 1179 satis
342 1121 420 1180 onesi
433 1123 570 1195 nemoris,
585 1125 717 1200 quaesita
732 1143 784 1201 per
798 1144 883 1202 agros

148 1220 271 1295 plaustra
283 1219 397 1279 ierunt:
420 1239 567 1297 curvoque
582 1222 635 1281 soli
652 1224 792 1282 cessantis
806 1234 900 1283 aratro

148 1319 287 1395 agricolae
301 1318 390 1396 raptis
404 1337 515 1379 annum
529 1319 634 1379 flevere
651 1320 790 1381 iuvencis.
1031 1322 1060 1380 ⁶5

521 1596 658 1624 -Οοῡ-

442 1831 549 1881 LIBER
570 1831 741 1894 QUARTUS.

533 1965 653 2029 167-205.

184 2103 284 2173 Drxrr,
299 2108 330 2159 et
343 2098 383 2159 ad
397 2112 511 2159 montes
527 2096 698 2157 tendentem
716 2098 865 2173 praevenit
881 2097 1005 2158 hostem.

150 2197 206 2256 illic
220 2197 328 2273 exiguo
342 2197 471 2273 paullum
485 2196 624 2254 distantia
637 2196 713 2253 vallo

148 2304 236 2353 castra
249 2295 358 2353 locant.
401 2296 558 2368 Postquam
574 2293 669 2368 spatio
687 2291 856 2367 languentia
870 2292 950 2351 nulio

148 2401 244 2450 mutua
257 2392 435 2467 conspicuos
449 2391 612 2449 habuerunt
627 2390 737 2448 lumina
754 2390 858 2462 vultus,

148 2499 174 2546 et
186 2489 286 2548 fratres
301 2499 443 2565 natosque
458 2506 525 2546 suos
540 2487 648 2559 videre,
666 2495 843 2563 patresque3
1045 2495 1060 2544 5

148 2584 322 2662 deprensum
337 2594 380 2644 est
395 2586 477 2644 civile
492 2586 591 2643 nefas:
615 2594 735 2643 tenuere
754 2602 911 2660 parumper

102 2718 116 2745 .·
147 2700 195 2742 ora
208 2694 309 2742 metu:
331 2693 444 2742 tantum
458 2693 529 2742 nutu
544 2692 684 2758 motoque
705 2682 830 2739 salutant

148 2798 213 2840 ense
227 2798 306 2839 suos.
349 2782 422 2839 Mox
436 2789 467 2838 ut
481 2781 603 2838 stimulis
620 2781 778 2838 maioribus
795 2778 900 2837 ardens

146 2879 218 2953 rupit
231 2897 316 2936 amor
328 2878 416 2952 leges,
432 2877 521 2935 audet
535 2878 741 2935 transcendere
757 2877 864 2934 vallum

63 2978 70 2991 '
146 2975 235 3046 miles,
250 2974 281 3032 in
295 2974 445 3049 amplexus
460 2975 564 3032 effusas
579 2971 700 3032 tendere
717 2975 838 3050 palmas.
1033 2981 1062 3017 ¹0

148 3071 280 3147 Hospitis
295 3071 342 3129 ille
356 3071 415 3129 ciet
429 3091 557 3144 nomen;
579 3082 665 3129 vocat
682 3072 727 3128 ille
745 3072 961 3147 propinquum:

146 3168 285 3227 admonet
297 3168 376 3227 hunc
390 3169 492 3227 studiis
508 3188 627 3227 consors
642 3169 800 3244 puerilibus
818 3179 915 3228 aetas:

147 3283 200 3323 nec
214 3268 367 3325 Romanus
381 3276 450 3337 erat,
465 3267 590 3343 quinon
603 3276 760 3342 agnoverat
777 3265 900 3325 hostem.

147 3365 233 3421 Anna
245 3364 339 3439 rigant
352 3364 486 3435 lacrimis,
501 3364 672 3440 singultibus
689 3364 789 3422 oscula
804 3373 961 3438 rumpunt:

147 3470 182 3533 et,
197 3461 329 3536 quamvis
344 3460 422 3519 nullo
437 3462 597 3519 maculatus
612 3462 762 3536 sanguine,
780 3461 873 3532 miles,

58 3577 62 3585 ·
136 3577 220 3634 ·quae
234 3560 330 3634 potuit
343 3559 456 3630 secisse,
471 3561 563 3618 timet.
606 3560 687 3634 Quid
703 3570 824 3634 pectora
840 3558 958 3634 pulsas?

150 3656 236 3730 Quid,
251 3675 366 3729 vesane,
381 3657 495 3732 gemis?
514 3657 598 3715 fletus
612 3656 684 3731 quid
698 3657 794 3714 fundis
809 3657 920 3729 inanes,

148 3772 201 3813 uec
215 3767 244 3814 te
259 3765 365 3831 sponte
379 3764 429 3812 tua
443 3755 544 3813 sceleri
559 3773 661 3832 parere
675 3755 791 3813 fateris?

150 3851 247 3926 Usque
258 3851 375 3911 adeone
389 3852 481 3926 times,
498 3872 590 3932 quem
604 3864 637 3916 tu
652 3854 727 3916 lacis
741 3855 808 3936 ipse
820 3852 1013 3917 tumendum}
