2558 4230
67 343 98 410 n]
411 331 540 396 Tibulli
559 331 709 417 Elegiae.

151 515 282 589 barbara,
298 515 485 592 Memphiten
499 517 638 594 plangere
653 518 744 577 docta
756 518 874 580 bovem.

114 613 223 672 Primus
239 623 333 672 aratra
348 633 436 672 manu
452 615 559 673 sollerti
574 616 643 673 iecit
657 616 749 676 Osiris

150 723 180 769 et
193 720 326 768 teneram
340 712 415 769 ferro
429 712 592 769 sollicitavit
607 713 738 784 humum,

112 808 219 884 primus
233 809 403 884 inexpertae
418 809 566 867 commisit
580 811 693 869 semina
708 820 800 870 terrae

150 924 299 981 pomaque
314 925 376 964 non
389 907 465 964 notis
479 907 549 983 legit
563 908 600 966 ab
615 908 774 968 arboribus

112 1003 172 1062 Hic
187 1002 290 1062 docuit
303 1014 435 1061 teneram
449 1005 521 1080 palis
536 1004 695 1081 adiungere
709 1006 809 1079 vitem,

150 1101 198 1159 hic
212 1100 337 1159 viridem
351 1100 425 1159 dura
437 1102 563 1160 caedere
577 1103 650 1160 falce
667 1121 802 1163 comam:

110 1199 148 1257 illi
163 1198 310 1257 iucundos
323 1200 451 1274 primum
465 1210 578 1257 matura
591 1218 710 1275 sapores

150 1315 288 1372 expressa
302 1297 417 1355 incultis
431 1316 487 1355 uva
500 1297 583 1356 dedit
597 1298 732 1374 pedibus

111 1394 164 1452 Ille
177 1395 273 1469 liquor
287 1393 389 1453 docuit
403 1413 491 1453 voces
506 1395 654 1454 inflectere
670 1408 768 1469 cantu,

149 1493 240 1549 movit
255 1502 285 1549 et
299 1490 338 1549 ad
352 1503 447 1549 certos
462 1493 562 1550 nescia
576 1494 709 1553 membra
723 1495 839 1568 modos,

110 1589 245 1647 Bacchus
261 1600 291 1647 et
305 1590 448 1664 agricolae
464 1608 572 1665 magno
587 1590 724 1649 coniecta
737 1592 836 1650 labore

149 1698 272 1762 pectora
286 1687 415 1744 tristitiae
429 1686 619 1745 dissoluenda
633 1687 725 1747 dedit.

111 1784 245 1843 Bacchus
260 1794 291 1842 et
305 1784 418 1842 afflictis
433 1785 565 1859 requiem
579 1787 747 1844 mortalibus
762 1787 852 1859 affert,

151 1901 233 1939 crura
247 1882 316 1939 licet
330 1881 402 1940 dura
416 1881 564 1957 compede
579 1883 662 1957 pulsa
676 1895 791 1943 sonent.

112 1981 181 2038 Non
196 1980 248 2038 tibi
262 1989 330 2037 sunt
343 1979 437 2037 tristes
453 1997 539 2037 curae
554 1998 610 2037 nec
626 1980 728 2052 luctus,
747 1982 832 2055 Osiri,

150 2075 204 2134 sed
219 2076 326 2134 chorus
340 2086 369 2134 et
383 2087 486 2135 cantus
501 2088 530 2134 et
545 2078 614 2135 levis
629 2088 714 2152 aptus
729 2097 820 2153 amor,

112 2175 163 2233 sed
176 2175 247 2232 varii
262 2174 346 2232 flores
361 2184 391 2232 et
404 2175 482 2232 srons
497 2173 630 2232 redimita
644 2176 798 2250 corymbis,

150 2273 213 2330 fusa
226 2271 280 2330 sed
293 2271 333 2329 ad
347 2282 462 2329 teneros
477 2272 555 2330 lutea
569 2273 646 2347 palla
660 2272 753 2347 pedes

113 2379 142 2427 et
154 2371 259 2445 Tyriae
273 2379 369 2427 vestes
383 2379 413 2426 et
427 2368 520 2427 dulcis
536 2370 605 2428 tibia
621 2381 708 2429 cantu

152 2478 181 2525 et
194 2468 264 2526 levis
280 2467 401 2525 occultis
417 2467 536 2525 conscia
550 2468 623 2525 cista
637 2469 734 2527 sacris

114 2565 182 2622 Huc
196 2563 269 2622 ades
283 2563 322 2622 ad
337 2574 455 2622 centum
470 2564 556 2623 ludos
571 2567 758 2641 Geniumque
776 2567 890 2626 choreis

151 2661 327 2720 concelebra
341 2672 370 2718 et
386 2662 478 2719 multo
491 2671 625 2737 tempora
640 2663 730 2721 funde
746 2682 846 2724 mero:

114 2757 184 2817 illius
199 2769 228 2816 et
242 2758 336 2816 nitido
351 2759 457 2816 stillent
472 2771 621 2834 unguenta
636 2761 751 2835 capillo,

151 2866 180 2914 et
194 2856 290 2931 capite
305 2866 335 2913 et
349 2856 425 2913 eollo
440 2857 539 2913 mollia
554 2867 630 2914 serta
644 2869 733 2933 gerat.

115 2953 159 3011 Sic
172 2954 272 3011 venias
286 2951 446 3011 hodierne:
469 2953 520 3011 tibi
536 2953 605 3012 dem
620 2957 689 3013 turis
705 2957 841 3029 honores,

151 3051 208 3109 liba
222 3061 251 3108 et
266 3050 426 3124 Mopsopio
441 3048 538 3107 dulcia
554 3052 640 3110 melle
655 3054 753 3111 feram.

115 3150 150 3205 At
163 3148 215 3206 tibi
229 3158 394 3205 succrescat
409 3149 513 3222 proles,
529 3166 604 3222 quae
620 3151 696 3207 facta
710 3152 837 3225 parentis

151 3257 255 3320 augeat
269 3255 298 3302 et
312 3246 391 3302 circa
404 3255 460 3302 stet
474 3247 641 3303 veneranda
656 3266 766 3306 senem.

116 3342 178 3400 Nec
192 3353 288 3400 taceat
302 3352 494 3400 monumenta
507 3345 580 3415 viae,
596 3364 684 3419 quem
699 3346 826 3402 Tuscula
841 3345 925 3404 tellus

152 3439 336 3514 candidaque
351 3440 471 3514 antiquo
485 3441 597 3499 detinet
613 3442 685 3499 Alba
700 3444 781 3500 Lare.

116 3536 249 3612 Namque
264 3538 368 3612 opibus
383 3548 523 3612 congesta
536 3539 592 3595 tuis
607 3538 654 3596 hic
669 3540 765 3614 glarea
779 3539 854 3597 dura

152 3636 294 3705 sternitur,
311 3635 358 3691 hic
372 3645 441 3708 apta
455 3635 581 3710 iungitur
595 3645 655 3693 arte
671 3637 750 3695 silex.

115 3730 156 3788 Te
170 3732 248 3789 canit
262 3731 396 3806 agricola,
411 3750 428 3789 e
443 3750 633 3807 magnacum
648 3734 760 3790 venerit
775 3732 845 3792 urbe

154 3843 233 3887 serus
246 3829 418 3890 inoffensum
432 3831 637 3911 rettuleritque
651 3832 777 3914 pedem.
