2558 4230
108 327 151 396 74

461 314 633 397 Propertii
652 313 800 398 Elegiae.

188 507 218 558 at
232 500 336 558 Musae
351 499 474 557 comites
489 509 518 556 et
532 500 662 557 cannina
676 517 744 557 cara
756 497 875 575 legenti,

228 606 258 654 et
271 596 386 654 defessa
399 596 495 654 choris
510 597 661 671 Calliopea
675 598 757 655 meis.

189 693 355 765 Fortunata,
370 711 438 751 meo
453 694 477 751 si
491 704 607 768 quaest
622 695 767 752 celebrata
779 693 878 752 libello
890 694 898 752 l
1075 700 1102 748 ι5

228 790 357 847 carmina
371 800 455 848 erunt
469 792 578 849 formae
593 801 637 850 tot
650 792 832 850 monimenta
844 800 923 849 tuae.

189 887 267 945 Nam
281 905 377 962 neque
393 888 580 962 Pyramidum
594 898 727 964 sumptus
741 886 781 945 ad
795 888 893 946 sidera
905 886 998 962 ducti,

228 1001 285 1040 nec
299 984 376 1042 Iovis
392 985 456 1042 Elei
471 985 584 1043 caelum
598 986 708 1044 imitata
722 985 839 1058 domus,

188 1098 244 1139 nec
261 1081 405 1139 Mausolei
420 1081 501 1140 dives
516 1083 631 1140 fortuna
644 1082 769 1158 sepulcri

228 1179 328 1236 mortis
343 1179 380 1237 ab
395 1189 525 1238 extrema
540 1180 716 1239 condicione
731 1188 845 1239 vacant.

188 1278 248 1335 Aut
262 1276 314 1334 illis
329 1277 447 1334 flamma
460 1287 510 1335 aut
523 1278 617 1335 imber
630 1278 776 1337 subducet
789 1278 927 1352 honores,

229 1392 371 1431 annorum
386 1385 435 1432 aut
449 1375 509 1433 ictu
523 1375 656 1450 pondera
669 1377 746 1434 victa
759 1385 853 1435 ruent.

189 1472 228 1529 At
242 1489 303 1528 non
316 1471 434 1546 ingenio
450 1473 614 1548 quaesitum
628 1491 738 1531 nomen
752 1474 791 1532 ab
804 1491 878 1532 aevo

230 1566 366 1628 excidet:
388 1569 507 1646 ingenio
522 1579 577 1628 stat
591 1570 654 1628 sine
668 1580 762 1629 morte
777 1569 878 1631 decus.

518 1783 590 1842 VH·
636 1781 749 1861 (1v·4·)

190 1962 280 2018 Arma
291 1957 364 2018 deus
378 1961 486 2019 Caesar
499 1958 574 2018 dites
588 1959 746 2018 meditatur
758 1959 797 2018 ad
812 1959 914 2034 Indos,

232 2066 261 2115 et
276 2058 348 2115 freta
361 2059 523 2132 gemmiferi
537 2058 648 2116 findere
663 2059 754 2115 classe
770 2059 865 2117 maris.

192 2156 311 2229 Magna,
326 2155 387 2226 viri,
402 2173 514 2212 merces
527 2177 533 2212 :
555 2165 638 2229 parat
651 2156 753 2212 ultima
766 2164 841 2212 terra
854 2153 1017 2232 triumphos
1028 2176 1036 2217 ε

231 2252 325 2327 Tigris
340 2262 369 2310 et
384 2252 547 2327 Euphrates
562 2253 616 2311 sub
630 2262 681 2310 tua
694 2253 756 2309 iura
769 2251 876 2310 fluent:

191 2367 263 2420 sera,
278 2347 332 2407 sed
346 2350 482 2407 Ausoniis
495 2349 593 2406 veniet
606 2349 757 2423 provincia
770 2349 873 2423 virgis:

232 2446 408 2504 adsuescent
423 2447 506 2504 Latio
521 2446 626 2503 Partha
638 2456 760 2520 tropaea
776 2446 847 2504 Iovi.

193 2544 237 2603 Ite
253 2545 338 2619 agite,
354 2553 489 2618 expertae
504 2543 582 2601 bello
597 2542 664 2600 date
679 2544 768 2600 lintea
781 2560 883 2619 prorae

153 2663 155 2667 ⁷
233 2650 262 2698 et
276 2641 392 2699 solitum
407 2641 539 2715 armigeri
553 2639 651 2697 ducite
667 2659 772 2698 munus
787 2640 863 2714 equi.

193 2739 301 2797 Omina
315 2739 408 2796 fausta
421 2755 516 2796 cano:
540 2738 661 2796 Crassos
675 2735 849 2811 clademque
863 2737 961 2812 piate:

232 2836 272 2894 ite
287 2846 317 2894 et
331 2837 484 2893 Romanae
500 2835 643 2892 consulite
661 2835 805 2892 historiae.
1078 2844 1107 2879 10

191 2935 271 2992 Mars
285 2943 368 3008 pater
381 2942 411 2991 et
425 2950 523 2991 sacrae
538 2932 634 2990 fatalia
647 2931 757 2989 lumina
770 2932 887 3004 Vestae,

232 3040 300 3089 ante
315 3049 397 3090 meos
412 3031 508 3089 obitus
523 3030 567 3101 sit,
582 3047 697 3105 precor,
711 3029 759 3086 illa
772 3028 845 3099 dies,

191 3147 250 3205 qua
260 3127 377 3187 videam
391 3129 490 3204 spoliis
505 3137 641 3186 oneratos
655 3127 787 3185 Caesaris
802 3143 880 3198 areo,

232 3226 271 3284 ad
285 3227 361 3301 vulgi
375 3227 492 3300 plausus
507 3243 595 3300 saepe
610 3224 742 3281 resistere
756 3241 857 3298 equos,

192 3324 250 3382 tela
264 3324 373 3399 fugacis
388 3324 456 3397 equi
470 3333 500 3380 et
514 3322 642 3380 braccati
657 3321 754 3378 militis
769 3339 852 3378 arcus

232 3431 262 3479 et
276 3421 374 3479 subter
388 3431 490 3495 captos
505 3438 585 3476 arma
598 3418 701 3476 sedere
716 3417 817 3475 duces.

191 3519 262 3594 Ipsa
274 3528 355 3576 tuam
369 3536 451 3576 serva
465 3517 586 3592 prolem,
602 3517 721 3573 Venus:
744 3515 803 3573 hoc
817 3514 896 3573 sitin
910 3532 1027 3590 aevum,

231 3616 324 3672 cernis
339 3615 377 3673 ab
390 3616 492 3672 Aenea
506 3611 587 3687 quod
603 3629 753 3686 superesse
769 3621 867 3686 caput.
1109 3608 1147 3668 (9ο

192 3712 305 3771 Praeda
318 3712 354 3769 sit
368 3711 442 3769 haec
457 3711 518 3781 illis,
534 3728 659 3784 quorum
674 3726 805 3766 meruere
820 3708 952 3770 labores:

230 3825 278 3868 me
292 3817 337 3867 sat
351 3807 404 3866 erit
417 3807 504 3868 Sacra
517 3804 655 3884 plaudere
669 3823 757 3882 posse
771 3805 835 3864 Via.
1061 3815 1104 3867 ,Φ
