2558 4230
452 339 506 401 De
526 341 652 400 Rerum
676 341 816 402 Natura.

187 519 264 579 Illud
279 519 308 577 in
323 519 367 578 his
381 521 467 578 rebus
482 538 542 577 non
556 519 670 577 addunt
685 522 757 575 ‘nec
772 518 824 576 tibi
838 535 939 576 earum
1094 514 1157 574 (900)

186 618 245 675 iam
260 616 437 675 desiderium
450 634 546 673 rerum
561 634 648 691 super
662 614 768 673 insidet
781 616 858 673 una!

187 712 278 788 Quod
291 714 368 772 bene
383 714 407 771 si
421 712 539 771 videant
552 713 651 770 animo
666 712 809 786 dictisque
824 720 991 786 sequantur,

186 811 347 871 dissoluant
361 811 450 867 animi
463 829 571 885 magno
585 828 617 867 se
631 827 739 884 angore
754 817 903 882 metuque.
1052 807 1084 853 ⁸0

188 910 251 966 ‘Tu
266 907 385 982 quidem
400 917 432 964 ut
446 925 477 965 es
492 908 550 965 leto
565 908 685 982 sopitus,
700 907 742 964 sic
757 905 811 963 eris
826 905 889 962 aevi

187 1005 268 1080 quod
283 1015 413 1079 superest
428 1005 540 1062 cunctis
555 1005 676 1079 privatu'
692 1003 840 1062 doloribus
855 1002 967 1078 aegris:
1095 999 1158 1060 (905)

188 1111 217 1159 at
231 1120 285 1159 nos
300 1102 435 1160 horrifico
450 1103 627 1159 cinefactum
641 1111 670 1159 te
684 1119 777 1177 prope
792 1101 878 1159 busto

187 1200 385 1258 insatiabiliter
399 1199 579 1270 deflevimus,
594 1209 803 1273 aeternumque

187 1296 265 1353 nulla
279 1296 341 1353 dies
356 1296 440 1353 nobis
456 1314 618 1354 maerorem
633 1314 649 1353 e
664 1304 784 1371 pectore
799 1295 920 1353 demet!
1053 1293 1082 1352 ⁸5

189 1393 265 1452 Illud
280 1393 316 1450 ab
331 1393 388 1450 hoc
403 1393 488 1468 igitur
502 1392 703 1467 quaerendum
718 1402 770 1463 est,
786 1392 857 1467 quid
872 1392 909 1450 sit
922 1391 1013 1450 amari

187 1500 268 1549 tanto
283 1509 382 1566 opere,
398 1490 436 1548 ad
451 1509 586 1548 somnum
602 1491 625 1547 si
639 1507 685 1547 res
699 1489 774 1546 redit
789 1500 876 1564 atque
892 1489 1032 1564 quietem,
1093 1497 1158 1558 (910)

187 1606 240 1646 cur
253 1589 407 1663 quisquam
421 1598 540 1646 aeterno
555 1588 646 1662 possit
660 1587 810 1644 tabescere
825 1587 914 1644 luctu.

227 1686 298 1742 Hoc
313 1686 401 1743 etiam
415 1686 533 1756 iaciunt,
548 1686 598 1742 ubi
614 1684 787 1742 discubuere
802 1693 962 1758 tenentque

186 1783 294 1857 pocula
308 1800 395 1856 saepe
410 1783 543 1840 homines
558 1792 587 1839 et
601 1781 767 1839 inumbrant
782 1799 833 1838 ora
847 1781 973 1851 coronis,
1053 1790 1083 1835 90

188 1879 336 1935 exanimo
351 1888 381 1935 ut
396 1878 495 1935 dicant
510 1879 619 1936 ‘brevis
635 1878 683 1935 hic
697 1888 741 1935 est
755 1878 864 1936 fructus
879 1877 1033 1952 homullis3

186 1975 244 2032 iam
259 1976 342 2032 fuerit
356 1993 451 2049 neque
466 1985 533 2049 post
547 1993 686 2050 umquam
701 1993 838 2033 revocare
853 1976 971 2033 licebit’
1094 1965 1157 2032 (915)

185 2073 350 2147 Tamquam
365 2073 394 2129 in
408 2082 501 2130 morte
516 2073 583 2130 mali
598 2092 666 2130 cum
681 2074 780 2148 primis
795 2072 852 2129 hoc
867 2073 904 2129 sit
918 2089 1029 2145 eorum,

187 2169 268 2244 quod
282 2170 342 2226 sitis
357 2180 456 2227 exurat
470 2170 591 2227 miseros
605 2179 692 2244 atque
707 2169 787 2226 arida
802 2180 902 2242 torres,
995 2218 1000 2222 .

187 2276 237 2324 aut
251 2267 323 2323 aliae
338 2268 420 2325 cuius
436 2267 613 2325 desiderium
628 2267 753 2325 insideat
766 2268 816 2325 rei.
1054 2274 1083 2323 95

187 2365 216 2421 N
219 2382 254 2421 ec
268 2364 322 2421 sibi
336 2365 415 2421 enirn
430 2366 584 2439 quisquam
599 2374 660 2421 tum
676 2383 706 2422 se
721 2365 869 2439 vitamque
884 2363 1012 2439 requirit,

186 2479 255 2518 curn
269 2462 374 2537 pariter
389 2480 471 2519 mens
486 2472 515 2518 et
530 2480 636 2537 corpus
651 2463 745 2535 sopita
759 2463 933 2535 quiescunt;
1094 2457 1159 2518 (900)

186 2576 255 2616 uam
269 2558 338 2615 licet
351 2567 502 2615 aeternum
516 2577 568 2633 per
582 2577 637 2616 nos
652 2559 694 2615 sic
709 2576 773 2616 esse
788 2576 934 2634 soporem,

185 2673 244 2714 nec
258 2654 435 2712 desiderium
450 2656 542 2713 nostri
555 2674 609 2713 nos
623 2655 723 2712 adficit
737 2655 836 2713 ullum.

187 2754 227 2811 Et
237 2761 336 2809 tamen
348 2751 574 2827 haudquaquam
586 2763 699 2810 nostros
711 2762 782 2809 tunc
793 2753 840 2809 illa
850 2770 903 2827 per
913 2761 992 2811 artus
1040 2777 1083 2811 ιω

186 2850 273 2924 longe
289 2851 326 2908 ab
340 2850 484 2907 sensiferis
499 2849 657 2924 primordia
673 2851 798 2908 motibus
814 2859 918 2922 errant,

187 2966 256 3005 cum
271 2958 420 3022 correptus
436 2948 525 3005 homo
541 2966 577 3004 ex
591 2966 695 3005 somno
710 2965 741 3004 se
756 2947 865 3021 colligit
880 2947 950 3021 ipse.
1095 2944 1162 3006 (925)

187 3045 284 3103 Multo
299 3046 383 3120 igitur
398 3055 522 3103 mortem
538 3045 633 3102 minus
649 3044 688 3101 ad
702 3062 756 3101 nos
771 3061 834 3101 esse
849 3044 1051 3119 putandumst,

187 3142 320 3200 siminus
335 3161 398 3199 esse
413 3152 510 3217 potest
524 3161 612 3217 quam
627 3141 707 3216 quod
722 3142 762 3199 nil
776 3160 839 3200 esse
854 3141 1007 3217 videmus3

187 3239 280 3296 maior
294 3239 373 3296 enim
387 3240 487 3297 turbae
504 3238 642 3297 disiectus
657 3240 786 3297 materiai
1041 3249 1083 3297 105

187 3336 376 3410 consequitur
390 3336 448 3393 leto
463 3353 520 3392 nec
535 3336 689 3409 quisquam
705 3337 869 3411 expergitus
884 3345 988 3411 exstat,

187 3432 291 3507 frigida
305 3451 393 3507 quem
409 3432 500 3489 semel
514 3442 557 3489 est
571 3432 639 3489 vitai
654 3450 744 3506 pausa
758 3443 866 3492 secuta.
1095 3430 1163 3492 (930)

228 3529 365 3603 Denique
380 3530 404 3586 si
417 3547 522 3586 vocem
536 3546 632 3586 rerum
646 3539 748 3587 natura
762 3540 883 3606 repente

187 3625 282 3683 mittat
298 3635 326 3682 et
341 3625 399 3682 hoc
413 3626 499 3682 alicui
513 3635 644 3683 nostrum
658 3627 700 3684 sic
715 3627 846 3702 increpet
861 3629 932 3703 ipsa,

189 3721 276 3796 ‘quid
285 3721 336 3780 tibi
346 3732 427 3780 tanto
436 3732 561 3797 operest,
572 3723 707 3795 mortalis,
717 3723 799 3798 quod
808 3725 893 3783 nimis
903 3725 995 3800 aegris
1039 3747 1084 3785 κιο

130 3840 139 3849 ·
188 3819 312 3912 luctibus
327 3817 481 3895 indulges?
501 3817 573 3895 quid
587 3830 712 3879 mortem
726 3822 877 3897 congemis
890 3840 926 3881 ac
939 3821 1013 3882 fles?
