2558 4230
458 365 627 451 Propertii
647 366 795 451 Elegiae.

219 563 249 612 at
263 556 352 630 Myos
368 553 505 629 exiguum
519 552 609 611 flectit
623 552 764 610 acanthus
779 552 841 624 iter,

182 651 337 710 Phidiacus
352 650 436 726 signo
450 667 482 708 se
498 651 630 725 Iuppiter
643 659 727 708 ornat
741 641 863 721 eburno,

220 748 384 806 Praxitelen
398 748 516 822 propria
528 747 656 805 vindicat
671 748 742 806 urbe
757 748 838 822 lapis.

182 845 234 903 Est
247 845 353 920 quibus
369 845 459 902 Eleae
473 844 620 902 concurrit
633 845 731 919 palma
744 844 912 920 quadrigae,

220 951 265 1000 est
278 942 384 1017 quibus
399 941 429 998 in
443 941 552 999 celeres
566 941 657 1016 gloria
670 950 739 998 nata
751 941 844 1015 pedes
856 960 863 1009 3

182 1038 228 1098 hic
243 1049 321 1097 satus
335 1037 374 1096 ad
388 1055 503 1114 pacem,
519 1037 566 1096 hic
581 1039 775 1097 castrensibus
789 1039 865 1096 utilis
879 1038 985 1099 minist

219 1147 340 1194 naturae
355 1135 485 1210 sequitur
497 1136 610 1193 semina
623 1136 747 1211 quisque
761 1154 841 1194 suae.

182 1235 218 1292 At
230 1243 290 1306 tua,
306 1235 475 1304 Maecenas,
489 1233 564 1290 vitae
579 1244 738 1308 praecepta
751 1233 859 1308 recepi,

220 1349 313 1408 cogor
326 1341 357 1389 et
369 1331 511 1406 exemplis
526 1339 555 1388 te
570 1349 706 1406 superare
720 1331 785 1390 tuis.

184 1428 257 1488 Cum
271 1429 324 1487 tibi
338 1429 477 1487 Romano
492 1427 627 1486 dominas
641 1429 672 1486 in
686 1428 797 1487 honore
812 1445 929 1487 secures

220 1536 250 1585 et
263 1527 351 1584 liceat
364 1526 464 1584 medio
478 1544 589 1601 ponere
604 1526 665 1584 iura
678 1527 751 1598 soro,

183 1625 227 1682 vel
239 1625 291 1682 tibi
306 1622 464 1682 Medorum
479 1641 628 1699 pugnaces
643 1623 684 1680 ire
699 1642 751 1699 per
765 1623 863 1681 hostes

220 1732 308 1797 atque
323 1738 443 1780 onerare
459 1729 539 1778 tuam
554 1720 612 1777 fixa
625 1739 678 1796 per
692 1739 772 1778 arma
786 1721 918 1792 domum,

185 1829 211 1877 et
224 1820 277 1878 tibi
290 1818 329 1877 ad
344 1818 481 1891 ellectum
496 1818 570 1876 vires
585 1817 636 1876 det
650 1818 759 1876 Caesar
772 1829 801 1875 et
815 1818 898 1876 omni

220 1927 353 1992 tempore
368 1924 429 1973 tam
443 1915 541 1973 faciles
557 1916 739 1973 insinuentur
752 1934 834 1991 opeS,

184 2015 274 2089 parcis
288 2023 319 2072 et
332 2013 363 2071 in
377 2022 480 2071 tenues
494 2012 634 2071 humilem
648 2023 677 2070 te
692 2013 803 2087 colligis
817 2013 951 2071 umbras:

220 2112 350 2169 velorum
364 2112 469 2186 plenos
483 2109 626 2168 subtrahis
639 2111 700 2185 ipse
716 2111 804 2168 sinus

185 2208 277 2268 Crede
293 2208 373 2280 mihi,
389 2226 512 2283 magnos
526 2207 694 2282 aequabunt
709 2207 764 2265 ista
778 2207 915 2265 Camillos

221 2306 328 2364 iudicia
343 2315 373 2363 et
386 2305 486 2362 venies
500 2313 532 2362 tu
546 2322 665 2380 quoque
680 2304 711 2361 in
724 2322 776 2362 ora
789 2304 890 2374 virum,

185 2402 312 2462 Caesaris
326 2411 356 2460 et
370 2402 465 2460 lamae
478 2402 599 2476 vestigia
612 2400 712 2458 iuncta
724 2401 856 2459 tenebis:

221 2499 404 2559 Maecenatis
419 2508 502 2557 emnt
514 2516 583 2556 vera
596 2507 716 2573 tropaea
730 2497 813 2556 fides.

186 2596 251 2656 Non
264 2615 321 2673 ego
335 2597 454 2655 velifera
467 2594 612 2653 tumidum
627 2612 706 2652 mare
721 2594 803 2652 findo
818 2595 934 2654 carina:

220 2705 282 2753 tota
295 2695 351 2753 sub
365 2695 472 2770 exiguo
486 2692 605 2751 flumine
620 2702 719 2750 nostra
733 2710 815 2749 mora
828 2700 881 2749 est.

185 2791 250 2851 Non
263 2792 342 2850 flebo
357 2792 387 2849 in
401 2791 514 2849 cineres
529 2807 627 2848 arcem
641 2788 751 2847 sedisse
766 2798 904 2863 paternos

221 2888 329 2948 Cadmi
342 2906 399 2946 nec
413 2898 527 2963 septem
540 2887 653 2963 proelia
665 2885 749 2944 clade
764 2886 835 2961 pari,

185 3003 236 3044 nec
249 2987 374 3045 referam
388 2986 494 3046 Scaeas
508 2996 537 3044 et
552 2987 693 3060 Pergama
707 2983 849 3058 Apollinis
863 3000 953 3055 arces,

220 3095 248 3143 et
263 3086 402 3143 Danaum
416 3082 534 3141 decimo
548 3100 616 3140 vere
630 3081 738 3140 redisse
753 3090 838 3151 rates,

184 3183 297 3241 moenia
310 3201 379 3241 cum
394 3181 484 3242 Graio
499 3180 650 3255 Neptunia
662 3178 765 3255 pressit
779 3188 873 3236 aratro

220 3280 312 3338 victor
327 3277 473 3338 Palladiae
487 3278 599 3354 ligneus
613 3277 681 3335 artis
696 3295 797 3352 equus.

187 3375 262 3436 Inter
275 3376 448 3436 Callimachi
462 3386 505 3434 sat
520 3376 574 3433 erit
586 3375 729 3450 placuisse
744 3374 854 3432 libellos

222 3483 251 3532 et
264 3474 406 3532 cecinisse
421 3472 527 3544 modis,
542 3473 605 3531 Coe
620 3481 717 3547 poeta,
732 3471 796 3528 tuis

185 3570 226 3629 Te
239 3571 317 3630 duce
331 3572 378 3630 vel
392 3572 469 3629 Iovis
484 3589 564 3628 arma
578 3588 682 3627 canam
697 3568 839 3642 caeloque
854 3564 1015 3625 minantem
1062 3577 1091 3621 45

223 3669 336 3728 Coeum
351 3678 380 3727 et
394 3668 557 3744 Phlegraeis
573 3665 777 3726 Oromedonta
790 3664 872 3740 iugis,

187 3766 317 3842 celsaque
332 3766 475 3825 Romanis
490 3764 630 3840 decerpta
643 3762 750 3839 palatia
762 3762 852 3823 tauris

220 3861 315 3920 ordiar
326 3872 358 3920 et
369 3880 457 3923 caeso
470 3863 593 3925 moenia
604 3862 692 3926 firma
705 3863 821 3944 Remu,
