2558 4230
438 333 544 400 Liber
562 333 686 400 Nonus

111 523 213 585 ‘Civis
227 523 309 595 obit,'
325 520 427 598 inquit,
445 521 554 580 ‘multo
568 520 726 580 maioribus
741 518 835 596 impar

110 640 201 683 nosse
217 620 341 680 modum
355 620 431 692 iuris,
446 618 500 678 sed
514 619 545 676 in
560 619 618 676 hoc
631 628 732 676 tamen
746 619 822 676 utilis
835 631 919 690 aev0,

112 722 164 780 cui
176 738 238 778 non
253 718 311 776 ulla
325 717 378 776 fuit
391 717 457 775 iusti
472 716 650 775 reverentia:
674 716 752 773 salva

110 820 245 878 libertate
260 827 376 894 potens,
393 824 422 874 et
436 815 513 873 solus
527 815 614 890 plebe
632 823 732 889 parata

111 918 242 993 privatus
256 914 361 974 servire
376 913 440 985 sibi,
456 921 611 988 rectorque
626 922 753 983 senatus,

111 1013 168 1073 sed
181 1013 338 1089 regnantis,
353 1021 423 1071 erat.
468 1012 517 1070 Nil
531 1011 600 1070 belli
615 1011 675 1069 iure
691 1010 846 1086 poposcit:

112 1129 249 1188 quaeque
264 1109 326 1169 dari
339 1110 438 1181 voluit,
453 1110 543 1168 voluit
558 1109 612 1168 sibi
626 1128 713 1184 posse
729 1109 836 1184 negari.

114 1209 296 1268 Immodicas
311 1207 443 1284 possedit
456 1226 530 1284 opes
543 1228 549 1266 :
572 1208 626 1267 sed
639 1209 723 1283 plura
735 1207 854 1266 retentis

111 1306 227 1364 intulit:
249 1306 353 1363 invasit
367 1306 483 1377 ferrum,
498 1305 552 1364 sed
566 1323 677 1381 ponere
692 1315 785 1364 norat.
999 1302 1029 1360 ⁶5

114 1403 253 1462 Praetulit
267 1422 348 1461 arma
362 1413 467 1479 togae:
490 1402 543 1462 sed
557 1421 663 1479 pacem
678 1414 803 1460 armatus
817 1402 932 1461 amavit.

115 1502 192 1560 Iuvit
205 1511 323 1576 sumpta
338 1500 455 1572 ducem,
471 1501 541 1559 iuvit
556 1500 675 1558 dimissa
688 1509 827 1576 potestas.

114 1598 204 1658 Casta
217 1598 334 1670 domus,
349 1597 477 1673 luxuque
494 1615 605 1668 carens,
621 1607 815 1672 corruptaque
829 1614 988 1673 numquam

113 1696 229 1754 fortuna
243 1694 366 1754 domini.
409 1695 528 1754 Clarum
543 1705 572 1753 et
586 1694 749 1752 venerabile
765 1711 875 1752 nomen

113 1793 259 1869 gentibus,
275 1803 304 1850 et
319 1793 441 1850 multum
456 1802 572 1850 nostrae
588 1791 668 1866 quod
688 1791 825 1865 proderat
838 1791 911 1849 urbi.
1000 1801 1030 1846 70

115 1891 194 1950 Olim
207 1908 277 1948 vera
290 1889 374 1961 fides,
391 1890 468 1948 Sulla
483 1890 636 1964 Marioque
651 1889 785 1964 receptis,

113 1988 252 2046 libertatis
267 1988 347 2046 obit:
372 1987 515 2062 Pompeio
529 1987 615 2044 rebus
630 1986 780 2060 adempto,

114 2103 193 2143 nunc
209 2096 240 2143 et
255 2084 324 2142 ficta
338 2085 422 2159 perit.
465 2084 535 2142 Non
550 2084 609 2141 iam
622 2101 742 2158 regnare
757 2082 898 2158 pudebit:

115 2200 172 2240 nec
185 2183 268 2240 color
281 2181 404 2257 imperii,
419 2199 476 2238 nec
490 2181 568 2239 frons
584 2181 636 2239 erit
651 2181 709 2237 ulla
722 2191 848 2239 senatus.

116 2281 144 2340 O
159 2281 236 2352 felix,
252 2279 301 2337 cui
314 2297 429 2337 summa
443 2277 506 2337 dies
520 2279 573 2336 fuit
586 2279 674 2336 obvia
686 2279 773 2348 victo,
1000 2285 1029 2333 75

116 2390 146 2437 et
158 2379 206 2436 cui
220 2377 407 2454 quaerendos
423 2378 560 2435 Pharium
574 2378 669 2435 scelus
683 2377 786 2434 obtulit
801 2394 885 2436 enses
899 2379 905 2436 l

116 2477 250 2534 Forsitan
264 2476 294 2533 in
308 2475 400 2533 soceri
416 2475 557 2549 potuisset
570 2475 666 2532 vivere
680 2492 780 2548 regno

116 2574 193 2632 Scire
208 2573 293 2644 mori,
308 2591 370 2630 sors
384 2573 477 2647 prima
489 2573 565 2643 viris,
580 2571 634 2629 sed
649 2572 782 2645 proxima
795 2571 871 2645 cogi.

117 2671 155 2728 Et
169 2671 251 2741 mihi,
266 2670 291 2728 si
305 2670 370 2727 satis
384 2669 478 2726 aliena
493 2670 522 2727 in
537 2669 599 2727 iura
612 2669 754 2740 venimus

116 2767 155 2825 da
166 2768 266 2838 talem,
283 2767 419 2836 Fortuna,
436 2767 551 2825 iubam.
595 2766 664 2823 Non
679 2765 824 2840 deprecor
838 2764 915 2822 hosti
1002 2763 1031 2806 ⁸0

117 2865 231 2935 servari,
248 2864 321 2922 dum
335 2881 383 2921 me
397 2872 493 2922 servet
506 2864 621 2921 cervice
635 2863 746 2920 recisa.‘

154 2962 287 3020 Vocibus
301 2961 345 3018 his
360 2961 460 3032 maior,
476 2961 604 3036 quamsi
619 2961 755 3018 Romana
768 2967 906 3017 sonarent

117 3069 208 3117 rostra
222 3057 307 3118 ducis
321 3056 433 3130 laudes,
447 3075 623 3133 generosam
636 3057 716 3114 venit
730 3055 769 3114 ad
782 3057 916 3114 umbram

119 3157 218 3215 mortis
233 3155 338 3215 honos.

505 3314 626 3369 ²55·293·

158 3451 290 3527 Erupere
305 3448 389 3509 ducis
404 3467 487 3508 sacro
502 3449 541 3508 de
555 3460 676 3525 pectore
690 3467 797 3508 voces:

124 3547 215 3624 ‘Ergo
230 3548 293 3623 pari
306 3557 376 3606 voto
391 3547 503 3623 gessisti
517 3548 601 3619 bella,
617 3547 760 3618 iuventus,

123 3650 150 3702 tu
164 3663 283 3720 quoque
297 3662 350 3720 pro
365 3644 500 3715 dominis,
517 3654 545 3702 et
561 3644 740 3719 Pompeiana
753 3643 839 3714 fuisti,

123 3755 178 3799 non
192 3743 330 3800 Romana
344 3743 469 3798 manus?
510 3741 599 3814 Quod
614 3759 674 3799 non
689 3742 718 3798 in
732 3758 822 3816 regna
834 3740 957 3812 laboras,

123 3837 201 3913 quod
213 3838 275 3911 tibi,
289 3856 350 3897 non
365 3837 497 3912 ducibus,
510 3838 581 3898 vivis
595 3838 790 3917 morerisque,
804 3835 890 3918 quod
901 3837 1011 3898 orbem
1028 3854 1047 3903 s
