2558 4230
388 334 495 401 Liber
514 334 668 416 Quintus.
1016 353 1056 419 45

111 523 184 583 hanc
194 523 235 584 ob
245 541 308 582 rem
318 531 362 581 est
372 522 507 582 homines
517 522 720 599 pertaesumvi
729 522 829 581 colere
838 539 952 581 aevom.
974 529 1055 589 (1150)

111 621 184 680 Inde
198 630 293 679 metus
308 621 435 678 maculat
448 637 610 695 poenarum
624 620 755 695 praemia
768 621 853 678 vitae.

111 719 293 780 Circumretit
307 718 387 775 enim
399 718 442 776 vis
456 727 543 792 atque
558 717 660 775 iniuria
674 735 823 792 quemque
935 726 980 773 3¹0

110 827 205 891 atque,
220 814 300 874 unde
315 823 451 886 exortast,
466 814 504 872 ad
518 832 586 872 eum
600 815 772 890 plerumque
786 815 911 886 revertit,

110 932 164 972 nec
178 913 289 971 facilest
304 911 450 988 placidam
465 930 500 968 ac
515 923 651 987 pacatam
665 911 773 987 degere
787 912 877 969 vitam

109 1012 157 1086 qui
170 1011 258 1069 violat
273 1010 355 1068 factis
370 1010 537 1067 communia
551 1009 672 1067 foedera
686 1010 776 1084 pacis.
975 1004 1056 1064 (1155)

110 1109 171 1166 Etsi
184 1109 256 1166 fallit
268 1108 347 1165 enim
362 1106 461 1165 divom
475 1124 567 1181 genus
582 1107 810 1182 humanumque,

109 1216 251 1282 perpetuo
265 1215 364 1262 tamen
377 1203 408 1261 id
423 1205 484 1261 sore
499 1204 574 1261 clam
589 1203 722 1262 diffidere
737 1203 847 1276 debet;
935 1212 979 1260 ³²5

110 1304 218 1379 quippe
232 1302 284 1360 ubi
297 1320 329 1359 se
344 1300 425 1358 multi
440 1319 493 1376 per
506 1302 620 1359 somnia
634 1320 723 1376 saepe
737 1302 892 1377 loquentes

109 1413 156 1459 aut
170 1401 274 1458 morbo
289 1398 443 1457 delirantes
458 1409 590 1473 protraxe
605 1399 732 1456 ferantur

110 1509 138 1556 et
151 1498 246 1555 celata
260 1498 341 1554 mala
355 1497 385 1554 in
399 1496 530 1554 medium
545 1506 574 1554 et
588 1507 712 1571 peccata
726 1495 853 1554 dedisse.
977 1494 1056 1552 (1¹⁶0)

147 1596 238 1654 Nunc
253 1612 328 1670 quae
344 1612 432 1652 causa
445 1594 535 1652 deum
549 1612 603 1668 per
617 1613 737 1669 magnas
751 1595 872 1652 numina
884 1593 979 1669 gentis

109 1693 281 1770 pervulgarit
296 1702 325 1749 et
339 1711 453 1750 ararum
467 1692 659 1767 compleverit
673 1693 750 1750 urbis
936 1701 981 1747 330

110 1789 353 1867 suscipiendaque
368 1790 473 1847 curarit
487 1789 641 1848 sollemnia
653 1808 744 1860 sacra,

110 1906 183 1963 quae
198 1906 278 1946 nunc
292 1888 322 1946 in
336 1888 449 1962 magnis
463 1886 566 1945 florent
581 1906 664 1945 sacra
677 1888 757 1945 rebn’
773 1887 914 1962 locisque,

111 1984 187 2045 unde
202 1986 292 2044 etiam
305 2004 384 2043 nunc
399 1994 443 2043 est
457 1985 626 2043 mortalibus
640 1985 741 2043 insitus
756 1985 857 2043 horror
976 1982 1056 2041 (1165)

111 2084 158 2158 qui
173 2083 295 2142 delubra
308 2081 398 2140 deum
413 2101 489 2140 nova
503 2093 566 2140 toto
580 2083 700 2140 suscitat
714 2083 778 2140 orbi

111 2190 247 2238 terrarum
262 2190 292 2238 et
306 2180 384 2238 festis
399 2180 477 2255 cogit
491 2181 637 2238 celebrare
653 2179 766 2252 diebus,
936 2189 979 2236 335

111 2295 169 2335 non
183 2278 223 2335 ita
236 2277 382 2339 difficilest
395 2278 539 2335 rationem
552 2276 676 2335 reddere
691 2278 794 2335 verbis

113 2375 229 2449 Quippe
244 2374 354 2432 etenim
368 2375 426 2431 iam
440 2385 502 2431 tum
516 2373 616 2431 divom
631 2374 763 2432 mortalia
776 2373 873 2432 saecla

113 2472 239 2546 egregias
253 2472 353 2528 animo
367 2471 456 2528 facies
470 2472 604 2546 vigilante
618 2470 758 2530 videbant
977 2469 1057 2528 (¹170)

113 2579 140 2626 et
153 2569 245 2644 magis
260 2569 290 2626 in
304 2569 414 2627 somnis
428 2568 561 2626 mirando
576 2570 706 2643 corporis
720 2579 818 2627 auctu.

113 2666 166 2724 His
180 2667 266 2742 igitur
280 2684 399 2724 sensum
413 2665 578 2724 tribuebant
591 2676 745 2741 propterea
758 2664 840 2740 quod
936 2676 980 2722 340

112 2764 242 2822 membra
256 2781 373 2821 movere
387 2762 561 2821 videbantur
574 2781 720 2837 vocesque
735 2763 875 2838 superbas

113 2861 224 2919 mittere
238 2879 294 2936 pro
307 2861 382 2918 faeie
396 2860 544 2935 praeclara
558 2870 587 2918 et
602 2860 708 2917 viribus
722 2860 835 2934 amplis.

113 2960 326 3032 Aeternamque
341 2957 450 3016 dabant
464 2958 561 3027 vitam,
575 2958 645 3032 quia
658 2975 775 3032 semper
788 2975 890 3015 eorum
979 2954 1058 3014 (¹175)

113 3055 350 3131 subpeditabatur
363 3055 452 3113 facies
467 3067 497 3113 et
511 3055 605 3113 sorma
618 3055 765 3124 manebat,

114 3163 141 3210 et
154 3164 253 3210 tamen
268 3152 388 3210 omnino
403 3152 484 3227 qnod
498 3152 584 3209 tantis
599 3151 704 3208 viribus
719 3161 821 3210 anctos
939 3160 982 3208 345

113 3268 170 3308 non
185 3260 295 3308 temere
310 3250 367 3307 ulla
380 3250 407 3307 vi
422 3250 557 3307 convinci
572 3267 657 3324 posse
673 3250 823 3323 putabant.

115 3348 137 3404 F
138 3349 305 3422 ortunisque
320 3347 389 3406 ideo
403 3349 490 3423 longe
505 3357 650 3423 praestare
666 3347 817 3421 putabant,

115 3444 194 3519 quod
208 3446 307 3503 mortis
323 3446 408 3503 timor
422 3446 491 3504 haut
505 3463 685 3520 quemquam
699 3454 817 3502 vexaret
830 3462 941 3517 eorum,
979 3453 1058 3512 (1180)

116 3552 143 3599 et
156 3543 242 3600 simul
256 3543 286 3600 in
300 3543 409 3600 somnis
424 3544 492 3618 quia
506 3543 596 3600 rnulta
611 3551 639 3599 et
655 3542 726 3599 mira
740 3540 879 3600 videbant

115 3639 228 3698 efficere
244 3648 273 3698 et
287 3641 397 3698 nullum
412 3658 516 3715 capere
531 3640 610 3715 ipsos
625 3639 693 3697 inde
707 3640 846 3698 laborem.
940 3647 984 3695 350

117 3735 267 3795 Praeterea
280 3738 353 3795 caeli
367 3738 492 3795 rationes
507 3736 610 3795 ordine
625 3746 706 3794 certo

116 3842 144 3892 et
155 3834 235 3894 varia
246 3852 391 3895 annorum
405 3834 563 3894 cernebant
577 3841 710 3908 tempora
723 3833 794 3892 verti
