2558 4230
457 331 590 394 Lucani
610 331 801 395 Pharsalia.

185 517 314 576 Classica
328 516 400 576 dent
413 516 542 590 bellum3
564 535 666 575 saevos
681 525 712 574 tu
726 516 840 592 neglige
856 523 976 574 cantus:

184 614 265 688 signa
279 615 390 687 ferant3
412 633 513 672 cessa:
536 614 652 671 iamiam
669 614 759 671 civilis
774 614 899 688 Erinnys

184 710 332 782 concidet,
348 721 377 768 et
392 712 500 770 Caesar
513 729 653 786 generum
668 711 794 785 privatus
809 710 927 768 amabit.

184 809 274 866 Nunc
289 807 370 880 adeS,
385 818 504 866 aeterno
519 808 720 882 complectens
735 809 835 865 omnia
848 825 935 879 nexu,

184 905 323 964 Orerum
337 906 478 980 mixtique
493 906 578 976 salus,
594 904 771 976 Concordia,
786 904 899 976 mundi,

183 1012 213 1060 et
227 1020 309 1060 sacer
323 1003 400 1060 orbis
415 1021 514 1059 amor:
538 1021 677 1078 magnum
692 1021 772 1059 nunc
786 1001 902 1059 saecula
916 1010 1015 1059 nostra

181 1100 295 1157 venturi
310 1099 467 1157 discrimen
481 1099 600 1158 habent.
643 1099 757 1156 Periere
772 1099 899 1157 latebrae

182 1205 227 1254 tot
241 1197 403 1254 scelerum:
425 1197 536 1271 populo
551 1197 636 1254 venia
651 1206 694 1254 est
709 1206 810 1272 erepta
823 1195 963 1254 nocenti:

182 1311 327 1368 agnovere
342 1312 419 1352 suos
463 1296 519 1352 Pro
533 1294 654 1351 numine
669 1295 727 1351 fata
740 1295 865 1365 sinistr0,

182 1391 287 1466 exigua
300 1392 401 1465 requie
415 1401 509 1449 tantas
524 1392 660 1466 augentia
674 1391 773 1449 clades
787 1394 793 1450 !

181 1506 240 1563 pax
254 1497 323 1559 erat,
340 1497 369 1545 et
383 1488 474 1560 mileS,
490 1489 589 1545 castris
604 1489 763 1563 permixtus
777 1489 917 1562 utrisque,

181 1585 312 1643 errabat:
336 1585 410 1642 duro
426 1585 589 1643 concordes
605 1587 715 1660 cespite
731 1604 847 1643 mensas

181 1683 341 1753 instituunt,
358 1692 387 1740 et
401 1684 544 1757 permixto
559 1683 698 1740 libamina
711 1682 830 1740 Baccho

181 1780 335 1853 gramineis
351 1779 458 1836 fluxere
473 1781 545 1837 focis
559 1802 564 1837 :
589 1780 748 1853 iunctoque
764 1779 852 1847 cubili

182 1876 305 1933 extrahit
319 1877 467 1933 insomnes
483 1878 626 1934 bellorum
641 1877 738 1934 sabula
751 1887 872 1934 noctes:

181 1990 241 2046 quo
255 1974 381 2047 primum
396 1975 527 2031 steterint
542 1993 658 2048 camp0,
675 1992 734 2048 qua
747 1974 850 2030 lancea
864 1973 966 2031 dextra

181 2071 291 2128 exierit.
334 2072 423 2140 Dum,
439 2090 514 2145 quae
529 2081 680 2146 gesserunt
694 2072 785 2142 sortia,
801 2071 918 2142 iactant,

181 2175 211 2223 et
225 2166 296 2224 dum
310 2168 401 2224 multa
414 2178 530 2242 negant,
547 2168 628 2242 quod
643 2169 736 2226 solum
751 2169 810 2225 fata
822 2168 972 2242 petebant,

181 2273 225 2320 est
240 2265 350 2321 miseris
365 2275 504 2322 renovata
517 2265 600 2337 fides,
615 2275 703 2339 atque
718 2283 806 2323 omne
821 2265 949 2323 futurum

180 2361 271 2418 crevit
285 2379 384 2418 amore
399 2363 490 2420 nefas.

558 2581 696 2608 —000—

481 2781 588 2830 nisan
610 2782 772 2843 QUINTUS.

563 2915 687 2978 497-604·

562 3049 621 3106 Hrs
635 3058 735 3122 terque
750 3059 910 3124 quaterque

177 3144 298 3202 vocibus
314 3145 441 3202 excitum
455 3154 613 3219 postquam
627 3164 741 3202 cessare
755 3146 882 3217 videbat,

179 3239 251 3298 dum
266 3259 297 3298 se
312 3240 415 3299 deesse
431 3241 503 3312 deis,
518 3261 553 3298 ac
568 3261 629 3299 non
644 3243 698 3300 sibi
712 3244 840 3315 numina,
857 3242 960 3317 credit,

178 3348 283 3412 sponte
297 3356 350 3412 per
364 3339 495 3396 incautas
509 3338 599 3396 audet
615 3348 727 3396 tentare
742 3322 888 3412 tenebras,

178 3434 260 3509 quod
274 3435 343 3493 iussi
357 3436 489 3506 timuere,
502 3436 627 3493 fretum:
650 3436 803 3493 temeraria
814 3455 911 3511 prono
1078 3446 1094 3497 5

178 3543 314 3606 expertus
329 3533 450 3590 cessisse
465 3531 541 3589 deo:
564 3532 737 3607 fluctusque,
752 3534 895 3592 verendos

177 3628 327 3699 classibus,
344 3629 447 3703 exigua
461 3638 557 3702 sperat
573 3647 707 3703 superare
722 3631 828 3688 carina.

218 3725 347 3783 Solverat
361 3743 507 3782 armorum
521 3726 611 3783 fessas
626 3744 685 3782 nox
699 3725 836 3801 languida
849 3745 954 3789 curas:

170 3828 258 3898 parta
272 3821 354 3899 quies
368 3821 490 3895 miseris,
505 3821 536 3880 in
550 3839 676 3898 quorum
688 3833 811 3899 pectora
823 3841 929 3885 somno
