2558 4230
106 330 206 397 urm]
459 317 628 400 Propertii
648 317 797 401 Elegiae.

520 584 579 642 111.
625 582 680 659 (111.
699 581 741 659 ι.)

185 730 245 791 Sed
258 739 375 807 tempus
388 729 506 789 lustrare
521 731 582 789 aliis
597 731 746 790 Helicona
759 731 883 803 choreis,

225 838 255 886 et
269 847 408 904 campum
424 829 594 886 Haemonio
608 828 666 886 iam
680 828 750 886 dare
765 839 881 904 tempus
895 846 983 904 equo.

187 925 252 983 Iam
266 925 337 984 libet
350 934 380 983 et
395 925 483 983 fortes
498 943 659 983 memorare
674 924 712 983 ad
727 926 837 1000 proelia
852 935 961 984 turmas

227 1031 257 1080 et
270 1022 409 1081 Romana
421 1023 481 1079 mei
495 1021 593 1081 dicere
609 1033 703 1081 castra
717 1022 809 1081 ducis.

189 1118 278 1193 Quod
293 1119 317 1177 si
332 1117 470 1176 deficiant
484 1120 566 1192 vires,
581 1120 706 1178 audacia
720 1131 799 1178 certe

227 1217 288 1274 laus
304 1217 376 1275 erit:
399 1218 428 1274 in
444 1218 556 1292 magnis
570 1227 600 1275 et
613 1218 738 1276 voluisse
753 1229 797 1276 sat
811 1227 864 1277 est.

189 1315 277 1372 Aetas
291 1315 385 1389 prima
398 1324 485 1371 canat
498 1315 637 1385 Veneres,
653 1325 783 1373 extrema
796 1317 945 1375 tumultus,

230 1412 310 1470 Bella
324 1430 438 1483 canam,
454 1412 574 1487 quando
590 1414 697 1488 scripta
712 1415 808 1488 puella
822 1432 888 1471 mea
902 1423 955 1473 est.

191 1509 280 1568 Nunc
291 1508 361 1567 volo
375 1509 522 1567 subducto
536 1511 649 1585 gravior
663 1510 824 1586 procedere
839 1513 927 1582 vultu,

229 1625 309 1665 nunc
324 1607 410 1665 aliam
425 1607 565 1666 citharam
579 1627 628 1666 me
642 1627 710 1665 mea
724 1611 812 1666 Musa
825 1608 923 1666 docet.
1015 1620 1018 1627 '
1074 1617 1103 1652 1⁰

192 1705 289 1780 Surge,
305 1706 412 1776 anima,
427 1723 464 1763 ex
479 1705 578 1762 humili
593 1706 651 1762 iam
666 1707 803 1776 carmine,
819 1707 923 1763 sumite
938 1707 1021 1778 vireS,

231 1801 378 1861 Pierides:
401 1803 499 1877 magni
513 1821 592 1860 nunc
608 1804 662 1860 erit
676 1804 733 1860 oris
748 1821 831 1878 opus.

194 1899 256 1958 Iam
269 1909 358 1975 negat
374 1899 537 1974 Euphrates
552 1901 681 1974 equitem
696 1910 762 1975 post
776 1911 856 1975 terga
870 1900 944 1959 tueri

233 1997 404 2055 Parthorum
419 2006 449 2054 et
463 1997 584 2055 Crassos
598 2015 630 2054 se
645 1998 771 2054 tenuisse
787 1997 885 2055 dolet:

195 2093 279 2152 India
293 2095 373 2168 quin,
388 2094 526 2168 Auguste,
543 2104 594 2152 tuo
609 2094 659 2152 dat
674 2095 749 2152 colla
762 2095 919 2170 triumph0,
1076 2103 1103 2151 15

233 2201 262 2249 et
276 2189 382 2249 domus
397 2191 523 2248 intactae
538 2202 567 2249 te
582 2192 678 2248 tremit
693 2193 833 2249 Arabiae:

195 2299 224 2347 et
237 2289 259 2346 si
274 2307 333 2364 qua
348 2289 483 2346 extremis
498 2289 582 2346 tellus
596 2306 627 2346 se
643 2289 783 2346 subtrahit
798 2290 863 2359 oriS,

232 2387 338 2444 sentiet
352 2385 399 2443 illa
412 2395 476 2443 tuas
491 2385 650 2461 postmodo
666 2397 752 2461 capta
766 2405 877 2445 manus.

196 2485 282 2542 Haec
295 2501 352 2559 ego
367 2493 461 2541 castra
475 2501 597 2557 sequar:
620 2492 699 2540 vates
714 2494 763 2540 tua
777 2494 870 2540 castra
884 2484 1021 2544 canendo

232 2599 356 2656 magnus
371 2599 440 2638 ero:
463 2591 579 2638 servent
594 2580 673 2637 hunc
687 2581 757 2637 mihi
772 2581 830 2637 sata
843 2580 943 2640 diem!
1076 2592 1105 2625 ²⁰

195 2679 235 2739 Ut
248 2686 339 2753 caput
352 2679 382 2735 in
397 2678 509 2752 magnis
524 2678 576 2735 ubi
588 2695 649 2735 non
664 2687 708 2734 est
723 2688 840 2752 tangere
855 2678 953 2753 signiS,

231 2776 349 2850 ponitur
363 2775 411 2833 hic
426 2775 500 2832 imos
515 2784 583 2831 ante
598 2792 708 2831 corona
722 2774 823 2849 pedes,

195 2872 235 2930 sic
248 2891 304 2930 nos
317 2891 406 2943 nunc,
421 2872 525 2947 inopes
541 2871 633 2929 laudis
648 2871 849 2929 conscendere
865 2890 993 2943 carmen,

233 2969 410 3045 pauperibus
424 2969 511 3028 sacris
526 2970 592 3026 vilia
604 2978 669 3026 tura
683 2968 795 3027 damus.

197 3065 338 3124 Nondum
352 3066 439 3124 etiam
455 3069 597 3124 Ascraeos
611 3076 717 3124 norunt
733 3084 798 3123 mea
813 3067 941 3123 carmina
954 3066 1059 3138 sonteS,
1075 3087 1103 3136 25

233 3163 287 3222 sed
301 3163 393 3222 modo
408 3164 536 3222 Permesi
550 3163 668 3221 flumine
683 3163 750 3220 lavit
764 3165 862 3221 Amor.

522 3392 573 3450 IV·
620 3391 675 3466 (111·
694 3390 756 3467 ²3·)

198 3523 326 3599 Quaeris,
342 3543 395 3581 cur
408 3524 523 3581 veniam
538 3522 589 3580 tibi
604 3522 719 3580 tardior.
763 3525 858 3578 Aurea
874 3519 986 3579 Phoebi

234 3622 362 3696 porticus
377 3639 395 3678 a
408 3639 515 3695 magno
530 3620 656 3678 Caesare
670 3627 770 3692 aperta
784 3618 845 3674 fuit,

197 3716 270 3775 Tota
283 3726 343 3774 erat
359 3718 533 3792 inspeciem
548 3717 654 3775 Poenis
669 3714 783 3788 digesta
798 3713 950 3785 columnis

235 3813 309 3872 inter
321 3832 394 3890 quas
408 3814 503 3872 Danai
517 3814 627 3872 femina
642 3812 725 3872 turba
736 3812 825 3873 senis.
