2558 4230
462 335 504 399 P.
533 330 675 397 Ovidius
697 332 794 396 Naso.
881 316 887 322 *⁴

185 520 283 581 Omen
298 520 335 579 ab
350 528 456 578 eventu
471 526 524 577 est.
567 517 625 575 Illis
640 535 708 575 nam
724 517 822 574 Roma
835 514 939 575 diebus

226 618 335 675 damna
349 618 402 675 sub
417 635 518 674 averso
533 615 624 674 tristia
638 616 732 673 Marte
748 613 820 672 tulit.

185 717 273 775 Haec
287 715 359 773 mihi
375 714 456 772 dicta
470 714 569 785 semel,
586 714 653 771 totis
667 713 817 770 haerentia
830 711 919 783 fastis,

224 831 263 871 ne
277 812 381 871 seriem
394 829 490 869 rerum
505 809 638 868 scindere
654 826 750 885 cogar,
766 817 859 867 erunt.

186 1008 268 1066 Ecce
282 1006 334 1065 tibi
348 1007 483 1077 faustum,
501 1004 687 1077 Germanice,
703 1003 816 1062 nuntiat
830 1020 940 1061 annum

225 1105 314 1181 inque
330 1123 397 1163 meo
412 1104 522 1179 primus
538 1103 666 1160 carmine
683 1104 771 1159 Ianus
787 1100 878 1159 adest.

187 1203 259 1261 Iane
273 1203 384 1277 biceps,
400 1203 469 1259 anni
484 1201 570 1258 tacite
585 1199 707 1257 labentis
722 1199 814 1273 orig0,

227 1300 303 1357 solus
318 1300 356 1357 de
371 1300 482 1374 superis
497 1299 547 1372 qui
563 1307 613 1356 tua
627 1306 708 1371 terga
720 1296 812 1367 vides,

186 1395 289 1455 dexter
302 1397 372 1455 ades
387 1397 521 1466 ducibus,
537 1413 661 1471 quorum
677 1412 779 1453 secura
792 1394 892 1453 labore

227 1495 287 1552 otia
301 1505 375 1552 terra
389 1495 476 1564 ferax,
493 1494 553 1551 otia
567 1503 675 1568 pontus
690 1492 796 1550 habet:

187 1590 289 1650 dexter
303 1592 373 1650 ades
388 1593 575 1667 patribusque
591 1591 647 1648 tuis
662 1590 832 1666 populoque
847 1589 972 1664 Quirini,

227 1699 257 1746 et
269 1707 365 1746 resera
378 1699 450 1746 nutu
466 1687 594 1745 candida
608 1689 718 1763 templa
732 1697 792 1746 tu0.

187 1787 329 1860 Prospera
342 1786 391 1844 lux
405 1787 502 1844 oritur.
545 1786 664 1860 Linguis
679 1785 841 1859 animisque
856 1786 950 1843 favete
965 1787 971 1844 !

227 1902 306 1940 nunc
321 1883 448 1941 dicenda
462 1884 540 1940 bona
555 1893 621 1941 sunt
635 1883 714 1940 bona
728 1883 816 1940 verba
830 1881 888 1941 die.

187 1981 252 2039 Lite
266 1990 371 2038 vacent
385 1999 477 2052 aures,
493 1982 652 2056 insanaque
667 1981 799 2055 protinus
813 1980 909 2039 absint

227 2079 325 2154 iurgia.
368 2079 461 2136 Differ
474 2097 559 2153 opus,
574 2077 662 2136 livida
676 2079 768 2150 turba,
782 2088 875 2136 tuum.

189 2177 300 2247 Cernis,
316 2176 444 2235 odoratis
459 2186 490 2233 ut
505 2177 601 2234 luceat
616 2177 730 2252 ignibus
744 2176 854 2248 aether,

228 2283 258 2331 et
271 2282 355 2331 sonet
369 2275 500 2331 accensis
516 2274 597 2348 spica
612 2274 713 2333 Cilissa
727 2274 821 2331 focis?

188 2371 320 2429 Flamma
333 2371 426 2429 nitore
441 2390 494 2428 suo
509 2370 685 2446 templorum
699 2371 830 2429 verberat
845 2389 958 2443 aurum,

229 2477 258 2525 et
270 2468 425 2526 tremulum
440 2487 555 2526 summa
569 2469 676 2543 spargit
690 2469 720 2525 in
734 2467 809 2526 aede
824 2467 915 2526 iubar.

94 2620 97 2630 ,
187 2565 324 2622 Vestibus
339 2565 454 2623 intactis
469 2566 608 2640 Tarpeias
623 2567 678 2622 itur
693 2566 723 2623 in
737 2584 829 2637 arceS,

230 2672 259 2720 et
272 2663 397 2738 populus
414 2664 487 2721 sesto
503 2665 644 2721 concolor
657 2664 719 2738 ipse
735 2683 788 2722 suo
803 2672 856 2722 est.

188 2761 312 2836 Iamque
326 2761 395 2818 novi
409 2771 551 2836 praeeunt
565 2762 668 2832 fasces,
683 2781 760 2818 nova
774 2778 902 2836 purpura
914 2760 1015 2836 fulget,

228 2868 257 2915 et
271 2877 347 2915 nova
361 2859 555 2934 conspicuum
570 2859 703 2933 pondera
717 2859 805 2916 sentit
818 2858 900 2916 ebur.

188 2955 271 3014 Colla
284 2955 371 3013 rudes
386 2974 508 3031 operum
523 2956 663 3030 praebent
679 2954 810 3013 ferienda
823 2954 949 3027 iuvenci,

229 3070 302 3126 quos
317 3053 385 3110 aluit
400 3053 512 3128 campis
528 3054 618 3111 herba
633 3054 747 3111 Falisca
761 3053 829 3111 suis,

188 3149 321 3223 iuppiter
335 3166 400 3206 arce
416 3169 469 3208 sua
483 3159 577 3207 totum
593 3169 659 3207 cum
675 3159 788 3226 spectet
803 3150 832 3207 in
847 3150 959 3222 orbern,

228 3246 268 3302 nil
282 3246 336 3302 nisi
352 3248 530 3318 Romanum,
547 3247 626 3323 quod
645 3258 766 3318 tueatur,
782 3247 879 3304 habet.

188 3342 279 3413 Salve,
294 3343 369 3400 laeta
384 3342 455 3415 dies,
471 3345 631 3420 meliorque
645 3355 787 3402 revertere
802 3362 927 3419 semper,

229 3459 246 3497 a
259 3441 369 3515 populo
384 3459 479 3498 rerum
494 3442 583 3517 digna
597 3453 717 3517 potente
734 3442 799 3500 coli.

189 3526 286 3611 Quem
301 3547 400 3594 tamen
415 3556 478 3595 esse
495 3538 584 3596 deum
599 3549 628 3596 te
643 3539 751 3610 dicam,
768 3542 839 3596 Iane
854 3537 1023 3598 biformis?‘

229 3653 297 3692 nam
311 3633 363 3692 tibi
378 3653 430 3710 par
444 3636 555 3694 nullum
571 3637 695 3694 Graecia
708 3655 820 3693 numen
834 3637 931 3694 habet.

189 3731 255 3789 Ede
270 3732 354 3790 simul
368 3750 496 3805 causam,
512 3751 564 3790 cur
578 3732 616 3790 de
632 3733 805 3791 caelestibus
819 3752 894 3791 unus

226 3829 322 3904 sitque
337 3828 418 3904 quod
433 3847 451 3887 a
465 3838 556 3906 tergo,
573 3829 667 3905 sitque
682 3827 767 3904 quod
779 3839 858 3900 ante,
869 3829 974 3888 vides?
