2558 4230
473 343 599 410 Catulli
627 343 792 409 Carmina

308 547 389 620 Orci,
404 516 593 622 quaeoomnia
606 547 683 606 bella
699 514 872 635 devoratis:

308 654 368 703 tam
382 626 491 704 bellu‘m
507 644 578 702 mihi
592 630 740 751 passerem
755 621 920 702 abstulistis

307 720 371 800 Va'e
385 722 495 799 facturn
509 742 605 800 male!
626 718 680 799 va'e
695 722 804 798 miselle
819 758 927 816 passer,

309 824 360 899 tua
373 858 453 898 nunc
468 822 572 937 operi
571 856 639 897 mea
639 812 785 947 {puellae

310 926 411 996 fle'ndo
425 898 572 1015 turgiduli
576 902 681 994 rubent
695 904 790 995 ocelli.

259 1198 291 1267 ι·
549 1184 608 1242 111·
655 1181 715 1262 (4.)

313 1314 452 1374 Phaselus
467 1314 522 1386 ille,
538 1331 627 1389 quem
641 1313 754 1385 videtis,
770 1313 910 1390 hospites,

310 1413 350 1471 ait
364 1412 451 1471 fuisse
465 1412 585 1470 navium
601 1411 776 1482 celerrimus,

310 1527 406 1586 neque
421 1510 505 1567 ullius
519 1508 644 1567 natantis
659 1508 802 1584 impetum
817 1508 905 1567 trabis

311 1608 446 1683 nequisse
460 1606 624 1683 praeterire,
640 1606 699 1664 sive
715 1605 848 1682 palmulis

311 1723 386 1780 opus
400 1705 474 1763 soret
488 1705 584 1763 volare
598 1704 657 1762 sive
672 1703 772 1761 linteo

312 1803 350 1859 Et
364 1800 423 1858 hoc
437 1810 524 1876 negat
538 1801 660 1857 minacis
675 1799 815 1858 Adriatici

311 1916 419 1972 negare
433 1898 499 1955 litus
513 1896 657 1955 insulasve
672 1895 816 1972 Cycladas

311 1994 511 2070 Rhodumque
526 1993 875 2070 nobilem-horridamque
888 1995 1053 2068 Thraciam,

312 2091 493 2168 Propontida
506 2103 654 2150 trucemve
671 2092 827 2150 Ponticum
842 2093 947 2165 sinum,

310 2190 361 2248 ubi
375 2191 429 2248 iste
443 2199 510 2266 post
524 2188 658 2265 phaselus
673 2199 760 2246 antea
773 2190 826 2246 suit

314 2297 430 2344 comata
444 2288 531 2346 silva:
554 2305 622 2345 nam
637 2287 756 2362 Cytorio
770 2287 801 2345 in
815 2287 883 2362 iugo

313 2385 452 2460 loquente
466 2402 555 2460 saepe
570 2383 793 2442 sibilum-edidit
807 2402 903 2442 coma.

313 2483 439 2540 Amastri
453 2483 575 2540 Pontica
589 2490 619 2539 et
633 2482 740 2556 Cytore
756 2481 875 2553 buxifer,

313 2579 454 2637 tibi-haec
468 2579 554 2637 fuisse
569 2588 599 2636 et
613 2597 677 2636 esse
693 2578 891 2653 cognitissima

314 2677 353 2734 ait
367 2675 521 2751 phaselus:
542 2676 644 2734 ultima
657 2694 694 2733 ex
709 2676 819 2751 origine

313 2782 364 2831 tuo
378 2773 491 2831 stetisse
506 2771 579 2830 dicit
592 2773 623 2831 in
638 2774 802 2845 cacumine,

313 2879 364 2928 tuo
379 2870 517 2929 imbuisse
531 2870 671 2946 palmulas
687 2871 717 2928 in
731 2885 871 2945 aequore,

313 2977 343 3026 et
357 2967 426 3026 inde
440 2976 484 3025 tot
497 2985 550 3043 per
563 2966 736 3042 impotentia
750 2967 822 3025 freta

314 3064 417 3123 herum
430 3066 537 3138 tulisse,
553 3066 635 3123 laeva
649 3065 708 3124 sive
723 3064 843 3123 dextera

314 3171 432 3219 vocaret
445 3181 522 3233 aura,
537 3163 597 3221 sive
611 3172 765 3237 utrumque
781 3161 913 3236 Iuppiter

313 3258 399 3316 simul
413 3258 561 3317 secundus
575 3258 726 3317 incidisset
739 3259 769 3316 in
783 3256 913 3333 pedem3

313 3373 410 3429 neque
424 3356 482 3413 ulla
495 3365 563 3413 vota
577 3355 734 3414 litoralibus
749 3354 812 3413 deis

314 3451 370 3510 sibi
383 3469 447 3510 esse
462 3451 547 3523 facta,
562 3468 630 3509 curn
644 3451 755 3509 veniret
768 3469 786 3510 a
799 3451 872 3509 mari

313 3548 472 3606 novissimo
486 3547 565 3606 hunc
580 3545 619 3605 ad
632 3567 725 3623 usque
740 3547 895 3623 limpidum
908 3547 1015 3608 lacum.

315 3644 373 3704 Sed
387 3645 461 3702 haec
475 3645 555 3721 prius
570 3644 668 3703 suere:
691 3664 769 3704 nunc
783 3644 936 3705 recondita
979 3698 984 3708 .

311 3751 397 3805 ,senet
411 3743 509 3817 quiete
524 3761 614 3818 seque
629 3742 749 3801 dedicat
762 3742 824 3817 tibi,

313 3838 437 3915 gemelle
452 3839 557 3900 Castor
570 3849 600 3898 et
613 3841 736 3921 gemelle
751 3840 888 3901 Castoris.
