2558 4230
111 328 150 393 ni]
541 315 637 379 Fasti
657 316 684 381 I.

169 496 273 557 Silicet
287 507 318 558 et
332 497 377 558 fas
391 507 444 572 est,
458 508 539 559 vates
552 518 622 578 rege
635 501 708 560 vatis
723 501 861 576 habenas,

204 595 335 671 auspicio
348 595 418 654 felix
431 605 510 656 totus
525 607 557 657 ut
570 617 664 658 annus
677 608 735 658 eat.

168 790 312 867 Tempora
326 789 471 868 digereret
485 811 554 851 cum
568 793 706 852 conditor
719 793 807 866 urbis,
823 795 853 853 in
867 813 947 855 anno

204 888 356 946 constituit
369 906 486 947 menses
500 889 629 965 quinque
644 891 688 949 bis
703 909 767 949 esse
782 910 846 950 suc.

170 983 281 1043 Scilicet
295 1003 377 1042 arma
389 987 482 1061 magis
496 1004 586 1062 quam
599 987 703 1059 sidera,
719 989 856 1061 Romule,
871 1007 967 1062 noras,

206 1099 333 1156 curaque
348 1082 487 1141 finitimos
501 1083 617 1142 vincere
632 1086 725 1143 maior
739 1095 809 1144 erat.

170 1176 219 1236 Est
232 1188 333 1237 tamen
347 1189 377 1237 et
390 1180 473 1252 ratio,
488 1181 605 1253 Caesar,
620 1199 696 1256 quae
711 1184 834 1242 moverit
847 1184 947 1244 illurn:

207 1293 393 1351 erroremque
408 1294 493 1335 suum
508 1296 568 1353 quo
582 1287 705 1350 tueatur,
721 1280 819 1338 habet.

171 1371 257 1446 Quod
270 1374 339 1431 satis
354 1384 407 1445 est,
422 1384 505 1432 utero
520 1376 619 1434 matris
633 1376 705 1434 dum
720 1376 844 1452 prodeat
858 1379 961 1452 infans,

207 1470 264 1528 hoc
278 1489 357 1529 anno
372 1472 470 1530 statuit
484 1474 624 1548 temporis
640 1491 703 1532 esse
718 1475 796 1532 satis.

172 1567 223 1625 Per
236 1567 362 1626 totidem
377 1586 493 1626 menses
507 1587 525 1626 a
538 1570 639 1629 funere
654 1572 787 1648 coniugis
801 1590 875 1631 uxor

208 1666 329 1723 sustinet
342 1666 374 1723 in
386 1665 475 1724 vidua
489 1667 579 1724 tristia
593 1668 675 1743 signa
689 1669 791 1728 dom0.

172 1762 254 1820 Haec
269 1763 355 1838 igitur
368 1764 440 1821 vidit
453 1764 575 1822 trabeati
591 1783 660 1823 cura
675 1766 790 1840 Quirini

208 1877 276 1917 curn
290 1859 411 1918 rudibus
425 1862 542 1937 populis
556 1881 653 1920 annua
669 1864 730 1920 iura
744 1863 835 1923 daret.

173 1957 271 2015 Martis
285 1968 346 2015 erat
360 1958 470 2033 primus
485 1960 601 2030 mensis,
616 1960 797 2035 Venerisque
812 1962 979 2023 secundus:

209 2054 283 2113 haec
297 2055 412 2130 generis
426 2056 573 2132 princeps,
589 2057 678 2131 ipsius
694 2058 738 2115 ille
753 2068 853 2132 pater:

173 2152 268 2210 tertius
282 2171 300 2210 a
314 2153 441 2223 senibus,
458 2154 594 2211 iuvenum
609 2154 647 2212 de
661 2156 781 2213 nornine
796 2167 924 2230 quartus,

209 2267 284 2324 quae
299 2251 437 2325 sequitur,
452 2268 575 2308 numero
590 2251 674 2309 turba
688 2262 788 2309 notata
802 2253 864 2310 fuit.

172 2347 208 2404 nt
221 2347 322 2404 Numa
335 2365 392 2405 nec
409 2349 514 2405 Ianum
529 2366 585 2405 nec
601 2349 690 2406 avitas
705 2350 842 2423 praeterit
857 2350 985 2423 umbras,

209 2445 357 2503 mensibus
372 2445 496 2520 antiquis
511 2447 736 2521 praeposuitque
752 2445 837 2505 duos,

174 2540 217 2598 Ne
231 2551 330 2600 tamen
344 2541 460 2617 ignores
475 2543 617 2600 variorum
632 2544 692 2601 iura
706 2543 829 2615 dierum,

210 2657 270 2697 non
284 2639 372 2697 habet
386 2639 475 2697 officii
489 2640 590 2698 lucifer
604 2641 699 2698 omnis
714 2640 803 2699 idem.

175 2735 224 2794 Ille
238 2737 366 2796 nefastus
381 2738 443 2810 erit,
458 2754 511 2813 per
524 2755 612 2812 quem
628 2738 681 2794 tria
694 2738 783 2796 verba
797 2738 933 2797 silentur:

209 2835 297 2893 fastus
312 2835 374 2906 erit,
389 2853 442 2910 per
456 2853 544 2910 quem
558 2835 622 2910 lege
636 2835 735 2893 licebit
750 2836 806 2910 agi.

174 2930 236 2990 Nec
249 2942 313 2990 toto
328 2941 456 3008 perstare
471 2931 519 2989 die
534 2950 587 2990 sua
600 2933 661 2989 iura
675 2933 803 3007 putaris:

210 3030 259 3104 qui
272 3031 331 3087 iarn
346 3030 436 3088 fastus
451 3030 512 3101 erit,
528 3047 615 3088 mane
629 3030 757 3087 nefastus
772 3040 843 3088 erat.

174 3126 248 3186 Nam
263 3127 348 3186 simul
363 3137 430 3186 exta
443 3126 502 3187 deo
517 3127 586 3186 data
600 3138 676 3199 sunt,
692 3128 760 3185 licet
775 3128 876 3186 omnia
889 3128 952 3201 fari,

209 3226 355 3301 verbaque
369 3225 529 3284 honoratus
542 3225 633 3283 libera
646 3235 762 3299 praetor
777 3225 874 3284 habet.

174 3321 223 3382 Est
237 3342 365 3399 quoque,
381 3341 441 3399 quo
455 3323 597 3398 populum
612 3323 656 3380 ius
671 3333 714 3380 est
729 3323 878 3380 includere
893 3322 1020 3400 saeptis:

212 3431 255 3479 est
269 3439 397 3496 quoque,
412 3420 463 3496 qui
476 3438 557 3478 nono
572 3437 689 3494 semper
702 3420 739 3476 ab
754 3420 824 3477 orbe
839 3420 925 3479 redit.

174 3515 308 3576 Vindicat
321 3518 465 3576 Ausonias
480 3517 601 3576 Iunonis
616 3535 686 3574 cura
702 3517 861 3576 Kalendas.

213 3613 314 3674 Idibus
328 3615 395 3674 alba
408 3614 473 3673 Iovi
486 3615 624 3690 grandior
637 3633 712 3689 agna
726 3614 814 3672 eadit.

176 3709 324 3770 Nonarum
338 3711 429 3771 tutela
442 3711 501 3771 deo
516 3722 603 3771 caret.
646 3712 791 3770 Omnibus
807 3711 866 3771 istis
875 3744 916 3758 -

214 3825 251 3867 ne
264 3808 360 3868 fallare
375 3826 496 3868 cave-
501 3809 653 3887 proximus
668 3818 730 3871 ater
746 3808 811 3873 ent
