2558 4230
109 336 160 404 nni

439 318 568 386 catulli
594 317 759 385 Carmina.

95 556 101 573 .,
196 508 275 568 Tene
290 523 375 565 suam
387 505 499 581 Tethys
513 504 660 564 concessit
673 503 781 562 ducere
795 510 926 578 neptem,

98 592 104 615 f

198 605 404 678 Oceanusque,
419 603 490 661 mari
503 613 597 661 totum
612 602 663 677 qui
676 601 861 676 amplectitur
875 601 999 660 orbem?

98 711 102 719 '
198 701 278 776 Quae
293 701 379 759 simul
394 709 495 775 optato
509 699 607 757 finitae
622 708 754 773 tempore
769 698 850 755 luces

198 799 350 869 advenere,
365 796 489 856 domum
503 806 649 854 conventu
664 804 726 854 tota
740 796 904 869 frequentat

198 896 353 967 Thessalia,
369 895 506 970 oppletur
516 895 634 952 laetanti
648 893 728 968 regia
741 902 849 952 coetu:

200 992 275 1052 dona
288 994 385 1051 ferunt
399 1010 468 1067 prae
484 1010 525 1063 se,
540 991 689 1049 declarant
703 989 810 1066 gaudia
823 990 913 1049 vultu.

201 1091 347 1149 Deseritur
360 1091 473 1165 Scyros
487 1089 620 1163 linquunt
635 1087 802 1146 Phthiotica
814 1088 938 1163 Tempe,

201 1188 419 1262 Crannonisque
436 1185 541 1245 domos
556 1204 591 1243 ac
605 1185 725 1244 moenia
739 1185 882 1257 Larisaea,

201 1284 375 1343 Pharsaliam
388 1291 508 1353 coeunt,
523 1282 669 1341 Pharsalia
682 1292 761 1340 tecta
774 1283 968 1357 frequentant.

202 1382 278 1440 Rura
291 1381 362 1440 colit
376 1397 474 1451 nemo,
490 1380 663 1438 mollescunt
678 1379 754 1438 colla
767 1379 906 1452 iuvencis,

201 1497 260 1537 non
275 1478 391 1537 humilis
407 1477 500 1536 curvis
515 1487 653 1553 purgatur
665 1477 751 1534 vinea
764 1477 869 1548 rastris,

202 1594 259 1634 non
273 1575 390 1652 glebam
403 1592 498 1650 prono
513 1574 650 1635 convellit
664 1592 782 1632 vomere
797 1584 904 1645 taurus,

202 1691 259 1731 non
273 1673 332 1730 falx
345 1681 476 1730 attenuat
489 1670 691 1729 frondatorum
705 1672 814 1730 arboris
828 1672 971 1743 umbram,

204 1770 332 1846 squalida
346 1768 467 1828 desertis
480 1769 584 1845 rubigo
599 1769 718 1826 infertur
731 1769 838 1827 aratris.
841 1822 899 1865 t·-

204 1868 296 1942 Ipsius
310 1877 341 1925 at
354 1866 449 1938 sedes,
464 1883 650 1941 quacumque
665 1865 805 1940 opulenta
817 1865 937 1925 recessit

204 1965 288 2040 regia,
303 1965 426 2040 fulgenti
440 1963 595 2040 splendent
610 1982 681 2021 auro
696 1972 782 2037 atque
796 1973 929 2038 argento.

205 2061 319 2122 Candet
332 2062 405 2120 ebur
418 2062 505 2132 soliis,
520 2061 668 2120 collucent
682 2061 789 2136 pocula
802 2078 932 2133 mensae,

204 2171 264 2220 tota
277 2161 384 2220 domus
398 2160 506 2237 gaudet
519 2160 606 2236 regali
621 2158 778 2236 splendida
791 2178 871 2236 gaza.

206 2259 338 2317 Pulvinar
350 2275 420 2317 vero
435 2257 520 2317 divae
535 2258 647 2334 geniale
662 2258 775 2316 locatur

205 2354 322 2414 sedibus
337 2355 368 2413 in
381 2354 495 2426 mediis,
513 2354 589 2413 Indo
603 2353 685 2430 quod
700 2353 789 2412 dente
804 2354 927 2429 politum

206 2452 296 2511 tincta
308 2453 381 2528 tegit
394 2470 480 2511 roseo
495 2451 631 2528 conchyli
645 2470 774 2528 purpura
787 2452 865 2510 fuco.

207 2551 293 2608 Haec
306 2550 394 2608 vestis
408 2550 509 2625 priscis
524 2549 677 2608 hominum
693 2548 803 2606 variata
816 2547 913 2624 figuris

206 2645 328 2706 heroum
341 2647 414 2705 mira
427 2647 545 2705 virtutes
559 2645 671 2704 indicat
684 2654 755 2704 arte.

206 2745 343 2819 Namque
357 2743 532 2802 fluentisono
547 2752 738 2819 prospectans
751 2742 834 2800 litore
850 2742 934 2814 Diae,

206 2842 321 2901 Thesea
335 2841 492 2900 cedentem
506 2841 593 2898 celeri
608 2859 676 2898 cum
691 2840 782 2897 classe
796 2848 894 2897 tuetur

207 2938 366 2997 indomitos
380 2939 410 2996 in
425 2937 515 2997 corde
529 2955 633 3014 gerens
647 2936 776 2996 Ariadna
789 2937 908 3007 furores,

206 3034 336 3094 necdum
350 3035 438 3094 etiam
452 3052 516 3094 sese
531 3052 607 3109 quae
621 3035 687 3093 visit
699 3035 791 3092 visere
806 3033 910 3106 credit,

206 3142 239 3190 ut
252 3143 322 3208 pote
337 3132 431 3191 fallaci
445 3149 520 3206 quae
535 3141 597 3190 turn
612 3133 738 3207 primum
753 3132 849 3189 excita
862 3148 969 3190 somno

207 3228 354 3290 desertam
368 3230 399 3289 in
412 3229 475 3288 sola
488 3229 624 3287 miseram
639 3247 670 3288 se
685 3239 785 3287 cernat
799 3228 917 3286 harena

208 3329 360 3386 Inmemor
373 3336 403 3385 at
415 3327 527 3385 iuvenis
541 3326 654 3402 fugiens
669 3327 749 3401 pellit
762 3325 838 3383 vada
851 3326 948 3399 remis,

207 3418 285 3483 irrita
297 3435 436 3484 ventosae
451 3424 585 3499 linquens
599 3424 741 3499 promissa
755 3423 911 3498 procellae.

208 3522 307 3597 Quem
321 3522 425 3598 procul
438 3539 476 3579 ex
489 3521 553 3597 alga
567 3521 684 3579 maestis
699 3521 808 3579 Minois
823 3521 932 3593 ocellis,

208 3637 297 3678 saxea
309 3629 341 3677 ut
355 3618 465 3694 effigies
479 3617 658 3689 bacchantis,
673 3618 822 3694 prospicit,
838 3617 922 3689 eheu,

208 3716 350 3791 prospicit
363 3725 393 3774 et
406 3716 519 3792 magnis
534 3733 666 3773 curarum
681 3715 799 3798 fluctuat
812 3714 908 3787 undis,

207 3829 272 3873 non
285 3811 360 3873 flavo
372 3812 500 3872 retinens
515 3812 650 3871 subtilem
663 3812 771 3871 vertice
785 3811 909 3887 mitram,
