2558 4230
472 313 600 378 Catulli
627 311 793 376 Carmina.

226 515 288 556 non
302 505 440 557 contecta
454 499 509 557 levi
522 499 650 556 velatum
664 505 767 572 pectus
783 496 901 568 amictu,

225 613 287 654 non
301 595 385 654 tereti
399 595 529 671 strophio
543 595 676 653 lactentis
691 594 788 652 vincta
802 593 933 669 papillas,
1135 593 1166 648 65

226 693 326 751 omnia
339 711 415 767 quae
429 701 492 750 toto
507 691 659 767 delapsae
674 708 797 766 corpore
812 690 921 765 passim

226 790 316 864 ipsius
331 799 398 848 ante
413 787 505 864 pedes
521 788 623 846 fluctus
638 786 704 845 salis
719 786 896 845 alludebant.

227 886 286 945 Sed
300 905 395 961 neque
411 895 472 943 tum
487 886 588 942 mitrae
602 903 699 959 neque
714 894 776 942 tum
791 884 927 943 fluitantis
942 885 1065 944 amictus

226 985 276 1042 illa
288 985 383 1042 vicem
398 993 579 1054 curans,t0to
594 991 674 1040 exte
688 991 818 1056 pectore,
833 981 961 1054 Theseu,

226 1090 291 1139 toto
306 1081 413 1152 animo,
428 1090 490 1138 tota
503 1079 654 1154 pendebat
667 1079 781 1154 perdita
795 1089 904 1138 mente.

226 1178 273 1236 Ah
288 1179 401 1249 misera,
417 1177 538 1236 assiduis
552 1196 641 1252 quam
655 1178 779 1236 luctibus
794 1177 954 1235 externavit

225 1275 358 1350 spinosas
373 1275 499 1350 Erycina
512 1293 610 1332 serens
624 1275 654 1333 in
669 1286 789 1350 pectore
805 1293 896 1346 curas,

226 1372 275 1431 illa
288 1382 472 1447 tempestate,
487 1372 568 1429 ferox
582 1390 642 1446 quo
656 1391 693 1430 ex
707 1383 840 1449 ternpore
853 1373 986 1431 Theseus

227 1487 358 1546 egressus
373 1469 467 1527 curvis
482 1487 499 1527 e
513 1469 643 1528 litoribus
659 1470 752 1528 Piraei

226 1568 319 1643 attigit
333 1567 430 1626 iniusti
444 1568 518 1642 regis
531 1567 673 1642 Gortynia
688 1568 806 1642 templa

227 1666 306 1724 Nam
320 1665 474 1741 perhibent
488 1665 558 1723 olim
573 1664 684 1723 crudeli
698 1675 780 1739 peste
796 1674 930 1724 coactam

227 1763 459 1838 Androgeoneae
474 1780 586 1836 poenas
601 1763 734 1819 exolvere
749 1761 849 1819 caedis

226 1861 336 1918 electos
350 1859 470 1917 iuvenes
484 1858 570 1925 simul
584 1868 614 1916 et
628 1858 719 1916 decus
736 1859 923 1934 innuptarum

227 1955 405 2032 Cecropiam
420 1956 536 2014 solitam
551 1973 615 2013 esse
630 1954 739 2030 dapem
753 1954 824 2013 dare
840 1957 1017 2014 Minotauro.

228 2054 301 2129 Quis
316 2064 438 2129 angusta
453 2053 534 2111 malis
550 2071 618 2110 cum
632 2053 751 2110 moenia
764 2063 945 2125 vexarentur,

226 2152 290 2227 ipse
305 2170 389 2209 suum
402 2150 535 2208 Theseus
550 2169 604 2225 pro
618 2151 691 2208 caris
706 2168 813 2225 corpus
827 2151 949 2208 Athenis

227 2250 359 2326 proicere
374 2249 485 2323 optavit
500 2249 597 2324 potius
612 2267 701 2323 quam
716 2248 783 2305 talia
798 2249 916 2306 Cretam

226 2347 329 2404 lunera
343 2346 506 2420 Cecropiae
521 2363 578 2403 nec
592 2346 693 2403 funera
707 2354 898 2419 portarentur,

228 2453 315 2519 atque
330 2443 370 2501 ita
382 2461 456 2500 nave
471 2443 528 2500 levi
541 2443 637 2500 nitens
652 2461 688 2500 ac
701 2442 814 2501 lenibus
829 2443 903 2526 auris

226 2542 446 2618 magnanimum
460 2540 498 2599 ad
514 2541 618 2598 Minoa
630 2528 869 2615 venitsedesque
884 2539 1083 2628 superbas-..J

205 2664 210 2678 ,
228 2641 320 2698 Hunc
335 2639 470 2697 simulac
485 2637 595 2714 cupido
609 2639 764 2713 conspexit
778 2639 886 2695 lumine
901 2638 981 2712 virgo

227 2737 315 2812 regia,
331 2754 420 2811 quam
433 2736 528 2794 suavis
543 2736 677 2811 expirans
691 2745 787 2794 castus
802 2734 909 2793 odores

227 2834 349 2893 lectulus
364 2835 394 2892 in
408 2833 488 2891 molli
504 2833 662 2908 complexu
675 2833 773 2890 matris
787 2833 891 2903 alebat,

209 2992 213 3001 .
228 2932 329 3007 quales
344 2932 472 2991 Eurotae
486 2930 663 3006 progignunt
677 2929 797 2988 flumina
810 2939 928 3005 myrtus,

228 3047 332 3087 aurave
347 3028 500 3087 distinctos
515 3026 615 3085 educit
629 3045 718 3085 verna
731 3027 854 3099 colores,

227 3144 290 3185 non
304 3127 382 3202 prius
397 3143 434 3184 ex
447 3126 495 3184 illo
510 3125 660 3201 flagrantia
673 3123 830 3183 declinavit

228 3223 347 3294 lumina,
362 3241 451 3298 quam
465 3233 573 3281 cuncto
588 3223 728 3296 concepit
742 3239 864 3296 corpore
879 3221 1027 3280 flammam

228 3319 358 3378 funditus
372 3330 461 3395 atque
475 3319 540 3377 imis
554 3320 660 3377 exarsit
673 3328 735 3377 tota
749 3319 892 3377 medullis.

229 3419 301 3475 Heu
315 3417 420 3476 misere
435 3417 583 3490 exagitans
597 3416 691 3474 inmiti
706 3415 796 3474 corde
811 3417 920 3474 furores

229 3523 330 3572 sancte
345 3531 425 3588 puer,
440 3513 515 3570 curis
530 3512 684 3570 hominum
699 3513 749 3587 qui
763 3513 870 3587 gaudia
885 3513 1000 3584 misces,

229 3628 363 3686 quaeque
378 3610 452 3684 regis
467 3610 578 3685 Golgos
592 3628 727 3684 quaeque
743 3609 869 3668 Idalium
883 3609 1066 3684 frondosum,

229 3708 362 3782 qualibus
376 3706 526 3764 incensam
541 3707 668 3765 iactastis
682 3717 781 3765 mente
796 3707 923 3782 puellam

229 3803 374 3878 fluctibus,
388 3802 419 3861 in
432 3802 507 3862 flavo
521 3820 609 3878 saepe
624 3803 740 3880 hospite
754 3804 946 3880 suspirantem
959 3806 966 3864 l
