2558 4230
91 333 134 412 84
445 333 617 416 Propertii
637 334 784 417 Elegiae.

171 525 221 576 aut
235 515 259 576 si
273 535 332 594 qua
345 515 457 577 incerto
471 519 549 578 fallet
564 528 592 578 te
607 519 701 577 littera
713 528 817 592 tractu,

211 615 294 690 signa
308 634 390 674 meae
406 616 524 674 dextrae
540 617 597 674 iam
611 616 760 675 morientis
775 625 869 676 erunt.

171 713 214 770 Te
230 712 321 770 modo
336 713 470 771 viderunt
485 715 601 771 iteratos
618 716 722 771 Bactra
736 733 788 789 per
801 723 891 786 ortus,

211 818 240 867 te
254 809 346 868 modo
361 811 473 868 munito
489 811 614 869 Noricus
629 810 718 869 hostis
734 829 821 886 equo,
836 875 838 879 ¹

172 907 355 981 Hibernique
371 908 474 979 Getae,
489 909 628 983 pictoque
645 909 792 966 Britannia
806 927 902 982 curru,

210 1014 290 1061 ustus
304 1013 334 1061 et
349 1005 413 1062 an
427 1004 554 1063 discolor
568 1005 660 1063 Indus
674 1025 758 1081 aqua.

171 1100 256 1175 Quae
270 1101 341 1158 mihi
355 1100 501 1160 deductae
516 1103 563 1159 fax
577 1121 666 1161 omen
680 1104 823 1179 praetulit,
838 1104 887 1162 illa

210 1198 295 1256 traxit
310 1198 346 1256 ab
361 1216 463 1257 everso
478 1200 587 1258 lumina
601 1200 682 1275 nigra
695 1218 777 1276 rog0‚

171 1305 201 1354 et
215 1296 313 1371 Stygio
327 1314 392 1353 sum
406 1315 504 1373 sparsa
518 1297 591 1369 lacu,
606 1315 662 1355 nec
676 1309 757 1356 recta
770 1299 880 1373 capillis

210 1394 281 1451 vitta
295 1392 363 1451 data
376 1404 438 1452 est:
461 1395 546 1470 nupsi
561 1414 622 1453 non
636 1395 797 1454 comitante
813 1395 880 1454 deo·

171 1491 316 1551 Omnibus
331 1491 387 1550 heu
402 1492 492 1568 portis
506 1491 638 1567 pendent
653 1511 720 1550 mea
733 1493 821 1550 noxia
833 1476 921 1552 vota:

211 1589 316 1646 texitur
330 1589 403 1646 haec
419 1590 519 1647 castris
530 1600 633 1664 quarta
646 1590 763 1648 lacerna
777 1590 842 1648 tuis,

171 1684 307 1757 Occidat,
322 1687 456 1744 inmerita
469 1688 519 1762 qui
534 1688 641 1762 carpsit
655 1689 692 1747 ab
707 1688 809 1745 arbore
823 1687 930 1746 vallum

212 1792 241 1840 et
255 1784 356 1841 struxit
370 1785 503 1858 querulas
518 1803 606 1841 rauca
620 1803 673 1860 per
687 1804 754 1843 ossa
766 1786 860 1857 tubas,

171 1879 287 1955 dignior
300 1880 420 1955 obliquo
436 1883 534 1938 funem
549 1883 598 1957 qui
613 1891 746 1956 torqueat
762 1882 858 1955 Ocn0,

212 1987 405 2052 aeternusque
420 1989 499 2036 tuam
514 1989 623 2053 pascat,
639 1979 735 2050 aselle,
750 1980 868 2039 famem.

172 2075 229 2134 Dic
245 2076 324 2148 mihi,
339 2095 409 2132 num
423 2086 539 2133 teneros
554 2077 609 2133 urit
622 2076 711 2134 lorica
725 2077 869 2135 lacertos?

212 2193 282 2232 num
296 2175 388 2249 gravis
403 2174 523 2232 inbelles
538 2174 632 2231 atterit
647 2174 729 2231 hasta
743 2175 867 2233 manus?

172 2274 285 2332 Diceris
300 2283 330 2331 et
343 2273 437 2330 macie
451 2274 561 2331 vultum
576 2283 729 2331 tenuasse:
751 2273 804 2331 sed
819 2281 900 2349 opt0‚

214 2391 230 2429 e
245 2370 390 2429 desiderio
406 2372 442 2428 sit
456 2372 537 2428 color
551 2371 603 2428 iste
619 2389 696 2429 meo

170 2472 210 2528 At
223 2470 293 2528 mihi
309 2489 376 2527 cum
391 2477 493 2526 noctes
508 2467 620 2525 induxit
634 2486 737 2542 vesper
749 2487 870 2542 amaras,

212 2569 235 2626 si
250 2587 307 2644 qua
321 2567 421 2624 relicta
434 2567 539 2637 iacent,
555 2566 670 2623 osculor
683 2584 763 2623 arma
777 2576 835 2625 tua.

169 2666 247 2723 Tum
263 2683 368 2740 queror
382 2664 412 2720 in
428 2673 492 2721 toto
507 2682 567 2721 non
581 2661 676 2720 sidere
690 2664 776 2737 pallia
789 2663 876 2739 lect0,

212 2763 282 2820 lucis
298 2772 327 2821 et
340 2771 474 2819 auctores
491 2780 551 2819 non
566 2760 635 2818 dare
651 2778 769 2818 carmen
782 2779 859 2819 aves.

172 2860 316 2917 Noctibus
331 2859 458 2918 hibernis
475 2859 632 2916 castrensia
646 2877 737 2934 pensa
751 2858 851 2917 laboro
885 2864 892 2879 '

211 2965 241 3014 et
254 2957 341 3032 Tyria
354 2957 383 3014 in
397 2956 494 3014 radios
508 2956 613 3013 vellera
627 2965 708 3012 secta
721 2974 798 3027 suoS,

170 3062 201 3112 et
214 3052 307 3125 disc0,
322 3072 379 3129 qua
394 3062 475 3129 parte
491 3054 560 3111 fluat
573 3051 735 3110 vincendus
749 3055 867 3125 Araxes,

211 3159 284 3225 quot
297 3150 359 3207 sine
374 3169 450 3224 aqua
466 3151 587 3209 Parthus
602 3150 680 3207 milia
694 3159 788 3207 currat
803 3167 905 3225 equus,

171 3263 262 3322 cogor
275 3256 304 3305 et
319 3264 335 3303 e
350 3247 447 3305 tabula
461 3248 555 3322 pictos
570 3247 701 3305 ediscere
716 3247 852 3320 mundos,

211 3343 301 3418 qualis
316 3353 346 3401 et
360 3343 433 3401 haec
448 3343 529 3401 docti
543 3345 578 3402 sit
592 3344 721 3419 positura
734 3344 792 3415 dei,

171 3457 246 3515 quae
260 3439 343 3499 tellus
358 3441 394 3498 sit
407 3441 485 3498 lenta
498 3442 573 3515 gelu,
589 3459 664 3515 quae
678 3442 768 3518 putris
783 3441 820 3500 ab
834 3452 925 3516 aestu,

210 3545 312 3595 ventus
327 3537 357 3595 in
372 3538 485 3596 Italiam
500 3537 550 3612 qui
563 3537 639 3595 bene
653 3539 717 3596 vela
731 3539 811 3597 ferat.

170 3632 294 3692 Adsidet
308 3653 366 3692 una
379 3652 468 3706 soror,
484 3634 558 3692 curis
574 3643 603 3692 et
616 3634 724 3709 pallida
738 3636 834 3693 nutrix

210 3730 320 3804 peierat
334 3731 448 3790 hiberni
460 3731 599 3806 temporis
615 3749 679 3789 esse
693 3751 798 3791 moras.

168 3826 251 3886 Felix
264 3827 429 3909 Hippolyte
441 3826 523 3888 nuda
536 3827 601 3887 tulit
615 3845 696 3888 anna
708 3830 819 3906 papilla
