2558 4230
448 329 502 392 De
523 328 650 393 Rerum
674 329 814 393 Natura.

187 512 340 573 admonuit
354 532 499 574 memores
514 523 611 573 motus
625 514 812 589 languescere
827 512 942 586 mentis,
1079 507 1155 570 (1040)

186 620 291 686 sponte
306 631 358 670 sua
372 613 431 670 leto
446 622 535 687 caput
549 612 652 670 obvius
666 611 771 686 optulit
784 611 856 686 ipse.

187 709 255 783 Ipse
271 709 414 784 Epicurus
428 709 491 767 obit
505 708 630 766 decurso
645 708 752 765 lumine
767 707 852 779 vitae,

186 806 235 880 qui
249 824 341 880 genus
357 807 516 862 humanum
531 805 649 879 ingenio
664 804 808 879 superavit
824 814 853 862 et
867 804 962 863 omnis
1036 826 1082 860 πω

184 902 342 973 restincxit,
358 904 453 961 stellas
468 913 583 960 exortus
600 911 631 959 ut
645 901 789 959 aetherius
804 903 856 961 sol.

184 1001 232 1056 Tu
245 1018 314 1057 vero
329 998 473 1057 dubitabis
488 1008 517 1056 et
532 998 721 1073 indignabere
737 998 840 1056 obire?
1078 995 1156 1056 (1045)

185 1106 301 1154 mortua
315 1098 361 1153 cui
376 1097 435 1153 vita
450 1105 493 1153 est
508 1114 600 1170 prope
616 1096 674 1153 iam
689 1096 755 1153 vivo
770 1105 856 1170 atque
871 1094 991 1169 videnti,

185 1195 234 1269 qui
250 1212 354 1252 somno
370 1203 483 1268 partem
499 1194 639 1250 maiorem
655 1193 780 1250 conteris
796 1194 859 1250 aevi

185 1302 214 1349 et
228 1292 347 1366 vigilans
362 1292 456 1348 stertis
472 1309 527 1347 nec
543 1291 656 1348 somnia
672 1309 792 1348 cernere
808 1309 905 1350 cessas
1036 1299 1081 1348 225

184 1389 394 1462 sollicitamque
410 1389 484 1462 geris
501 1406 583 1444 cassa
599 1386 753 1445 formidine
769 1397 897 1446 mentem

183 1504 240 1542 nec
254 1486 378 1560 reperire
394 1496 478 1559 potes
494 1486 544 1543 tibi
562 1484 633 1560 quid
649 1485 685 1543 sit
701 1503 788 1560 saepe
805 1486 882 1557 mali,
897 1505 966 1544 cum
1077 1482 1155 1542 (1050)

184 1583 279 1641 ebrius
293 1584 401 1657 urgeris
417 1584 512 1641 multis
529 1584 615 1640 miser
630 1582 760 1657 undique
776 1583 851 1640 curis

184 1690 271 1754 atque
285 1682 375 1737 animi
392 1682 503 1738 incerto
519 1681 632 1737 fluitans
649 1698 743 1736 errore
758 1681 888 1755 vagaris!

223 1779 252 1835 Si
263 1789 382 1852 possent
395 1779 536 1847 homines,
550 1777 674 1851 proinde
688 1795 723 1833 ac
735 1778 839 1834 sentire
851 1777 986 1836 videntur
1036 1799 1080 1846 230

182 1873 300 1950 pondus
314 1875 408 1932 inesse
424 1875 521 1931 animo
537 1874 617 1948 quod
634 1893 665 1931 se
681 1875 817 1948 gravitate
832 1875 940 1950 fatiget,

183 1989 199 2028 e
215 1972 319 2046 quibus
334 1971 364 2029 id
379 1972 428 2028 fiat
444 1973 537 2029 causis
554 1991 672 2047 quoque
688 1991 810 2029 noscere
827 1983 857 2030 et
870 1973 950 2031 unde
1076 1969 1153 2031 (1055)

181 2077 263 2127 tanta
275 2070 344 2126 mali
359 2079 508 2143 tamquam
524 2070 615 2127 moles
632 2070 662 2126 in
678 2081 798 2144 pectore
813 2080 937 2142 constet,

181 2165 251 2223 haut
265 2167 305 2223 ita
318 2167 406 2224 vitam
421 2176 548 2241 agerent,
565 2176 596 2224 ut
611 2185 691 2224 nunc
706 2168 876 2241 plerumque
890 2166 1024 2227 videmus

182 2264 253 2338 quid
264 2265 317 2321 sibi
329 2265 451 2338 quisque
463 2265 531 2321 velit
543 2265 655 2321 nescire
667 2274 697 2321 et
709 2282 847 2339 quaerere
858 2282 976 2339 semper
1035 2286 1080 2335 235

181 2372 361 2419 commutare
377 2363 475 2419 locum
491 2361 572 2436 quasi
588 2380 661 2419 onus
679 2361 827 2436 deponere
843 2362 943 2437 possit.

181 2458 250 2515 Exit
264 2477 351 2532 saepe
366 2460 442 2516 foras
456 2460 569 2534 magnis
586 2477 623 2517 ex
638 2459 760 2520 aedibus
776 2460 831 2529 ille,
898 2515 916 2552 .
1076 2457 1152 2518 (1060)

181 2573 245 2612 esse
260 2554 341 2613 domi
356 2574 444 2630 quem
460 2567 661 2632 pertaesumst,
679 2558 832 2631 subitoque
849 2558 972 2630 reuertit,

180 2652 290 2727 quippe
305 2654 372 2710 foris
387 2654 446 2710 nilo
462 2655 564 2711 melius
580 2655 629 2728 qui
645 2655 750 2711 sentiat
764 2672 837 2712 esse.

180 2749 275 2808 Currit
290 2768 378 2824 agens
394 2769 517 2809 mannos
532 2751 571 2809 ad
586 2752 681 2808 villam
696 2752 927 2827 praecipitanter,
1034 2763 1079 2808 040

152 2870 153 2874 ’
181 2841 318 2904 auxilium
332 2848 416 2906 tectis
433 2849 513 2922 quasi
529 2849 601 2906 serre
617 2849 785 2906 ardentibus
800 2850 928 2923 instans3

179 2945 285 3002 oscitat
299 2947 455 3020 extemplo,
471 2946 563 3021 tetigit
580 2966 648 3003 cum
664 2947 763 3003 limina
776 2947 868 3018 villae,
1074 2945 1153 3004 (10⁶5)

180 3051 230 3099 aut
243 3043 303 3100 abit
317 3043 346 3099 in
362 3063 497 3101 somnum
513 3044 605 3118 gravis
621 3054 708 3118 atque
724 3044 829 3101 oblivia
843 3044 963 3119 quaerit,

179 3140 330 3197 autetiam
346 3159 505 3215 properans
520 3142 622 3199 urbem
638 3143 712 3217 petit
726 3151 813 3216 atque
827 3142 932 3200 revisit.

179 3237 250 3293 Hoc
259 3254 290 3293 se
300 3237 421 3310 quisque
433 3237 524 3295 modo
534 3239 605 3312 sugit
619 3238 663 3310 (at
674 3257 762 3313 quem
773 3239 891 3309 scilicet,
901 3247 933 3296 ut
941 3238 982 3310 fit,
1031 3259 1075 3308 245

179 3332 306 3407 effugere
321 3333 390 3390 haut
404 3335 480 3408 potis
496 3345 548 3405 est,
564 3335 681 3408 ingratis
697 3336 812 3410 haeret)
832 3345 861 3393 et
874 3336 938 3393 odit

178 3439 342 3505 propterea,
357 3432 450 3489 morbi
465 3431 533 3505 quia
548 3449 665 3488 causam
681 3450 741 3489 non
757 3441 838 3490 tenet
852 3451 956 3507 aeger;
1072 3431 1155 3491 (1070)

179 3526 357 3601 quambene
372 3527 395 3584 si
410 3528 516 3597 videat,
532 3528 588 3584 iam
604 3528 690 3585 rebus
705 3530 828 3604 quisque
843 3530 948 3588 relictis

178 3632 310 3709 naturam
325 3624 449 3697 primum
464 3623 579 3682 studeat
593 3643 773 3699 cognoscere
789 3645 894 3703 rerum,

177 3720 317 3794 temporis
332 3721 439 3777 aeterni
455 3720 602 3794 quoniam,
617 3740 677 3780 non
692 3723 776 3780 unius
791 3723 889 3795 horae,
1030 3734 1074 3798 ,250

177 3816 332 3891 ambigitur
345 3826 442 3888 status,
458 3817 487 3874 in
502 3836 561 3892 quo
576 3818 612 3877 sit
626 3821 794 3902 mortalibus
808 3821 904 3899 omnis
