2558 4230
484 336 610 400 Tibulli
631 335 779 421 Elegiae.

226 521 375 580 Satumive
389 539 501 580 sacram
516 540 563 579 me
578 523 705 581 tenuisse
719 523 808 582 diem.

185 618 214 678 Ο
229 619 363 693 quotiens
377 619 522 694 ingressus
537 620 591 676 iter
604 620 676 677 mihi
690 621 780 678 tristia
794 619 855 678 dixi

225 717 369 774 offensum
382 716 412 772 in
426 727 512 790 porta
525 717 607 792 signa
620 716 738 775 dedisse
752 717 862 793 pedem
875 720 884 776 i
1069 753 1099 786 ω

185 813 301 871 Audeat
315 814 405 871 invito
419 831 456 871 ne
471 814 536 889 quis
550 813 703 873 discedere
717 817 835 887 Amore,

225 920 275 969 aut
288 911 360 968 sciat
374 929 522 986 egressum
536 929 567 968 se
582 911 755 986 prohibente
770 911 838 971 deo.

186 1008 267 1082 Quid
281 1018 331 1066 tua
345 1027 423 1066 nunc
439 1009 493 1066 Isis
508 1008 587 1079 mihi,
605 1009 699 1081 Delia,
715 1008 786 1084 quid
800 1009 872 1068 mihi
885 1019 1009 1085 prosunt

224 1105 272 1162 illa
285 1113 335 1163 tua
348 1105 455 1162 totiens
470 1123 537 1162 aera
551 1106 667 1180 repulsa
680 1107 790 1164 manu?

185 1204 284 1273 Nunc,
299 1202 364 1271 dea,
380 1221 459 1260 nunc
473 1222 608 1260 succurre
624 1203 694 1261 mihi
713 1203 797 1280 (nam
812 1221 899 1280 posse
914 1204 1029 1264 mederi
1069 1213 1097 1262 ²5

224 1301 305 1376 picta
318 1299 408 1357 docet
422 1301 537 1375 templis
552 1302 643 1359 multa
657 1302 762 1360 tabella
775 1303 861 1378 tuis),

184 1407 217 1456 ut
231 1416 297 1454 mea
311 1398 421 1455 votivas
435 1398 603 1472 persolvens
619 1400 705 1456 Delia
717 1417 807 1456 voces

224 1505 291 1552 ante
306 1514 402 1553 sacras
416 1495 477 1552 lino
491 1505 569 1552 tecta
583 1496 659 1553 fores
674 1495 775 1553 sedeat

183 1592 286 1667 bisque
302 1592 349 1650 die
364 1593 491 1650 resoluta
504 1611 604 1650 comas
619 1593 671 1650 tibi
684 1592 783 1651 dicere
797 1592 899 1652 laudes

224 1690 343 1764 insignis
357 1689 441 1747 turba
455 1689 561 1746 debeat
576 1690 606 1747 in
622 1690 733 1747 Pharia.

183 1792 222 1848 At
236 1790 307 1848 mihi
322 1790 472 1865 contingat
486 1791 594 1864 patrios
608 1790 753 1848 celebrare
769 1792 894 1849 Penates

222 1887 405 1961 reddereque
420 1888 540 1961 antiquo
555 1898 702 1945 menstrua
716 1897 779 1945 tura
793 1888 869 1947 Lari.

183 1985 282 2060 Quam
296 1986 372 2042 bene
388 1985 510 2042 Saturno
524 1985 661 2042 vivebant
675 2003 742 2059 rege
758 1985 836 2059 prius
850 2003 940 2060 quam
1100 1982 1149 2042 (35)

222 2082 306 2140 tellus
320 2082 351 2140 in
364 2082 465 2156 longas
480 2092 524 2138 est
537 2082 683 2156 patefacta
696 2082 755 2139 vias
769 2085 775 2140 !

183 2179 327 2238 Nondum
341 2178 487 2236 caeruleas
502 2179 587 2252 pinus
603 2189 818 2253 contempserat
831 2179 936 2252 undas,
1065 2187 1094 2237 35

222 2277 346 2335 effusum
359 2276 453 2334 ventis
467 2276 698 2351 praebueratque
713 2277 817 2348 sinum,

180 2393 238 2432 nec
252 2393 340 2449 vagus
355 2374 459 2449 ignotis
473 2383 609 2447 repetens
624 2373 803 2448 compendia
816 2373 897 2432 terris

222 2481 364 2546 presserat
379 2481 498 2528 externa
512 2471 609 2527 navita
623 2488 720 2527 merce
735 2479 836 2529 ratem.
1101 2469 1150 2529 (40)

182 2568 237 2626 Illo
251 2587 312 2625 non
325 2566 436 2625 validus
451 2567 538 2624 subiit
553 2567 619 2641 iuga
633 2577 764 2642 tempore
780 2577 888 2640 taurus,

220 2682 281 2723 non
295 2664 408 2722 domito
422 2664 536 2721 fraenos
551 2683 600 2722 ore
616 2664 775 2722 momordit
788 2683 891 2741 equus,
1062 2678 1096 2725 40

180 2779 242 2819 non
256 2760 361 2818 domus
375 2761 432 2818 ulla
446 2761 522 2818 fores
537 2761 645 2832 habuit,
660 2780 721 2819 non
734 2762 808 2820 fixus
823 2763 852 2821 in
867 2762 951 2838 agris,

220 2859 270 2933 qui
283 2868 395 2933 regeret
409 2858 495 2915 certis
510 2858 615 2916 finibus
630 2877 705 2929 arva,
721 2859 803 2935 lapis,

181 2955 267 3030 Ipsae
282 2955 368 3012 mella
381 2955 491 3012 dabant
506 2973 638 3029 quercus,
654 2956 787 3031 ultroque
802 2958 933 3017 serebant
1101 2956 1151 3018 (45)

220 3051 306 3110 obvia
319 3053 428 3110 securis
443 3052 532 3110 ubera
547 3052 629 3110 lactis
643 3071 723 3111 oves.

180 3149 250 3206 Non
265 3149 351 3219 acies,
367 3167 427 3206 non
441 3149 482 3206 ira
497 3150 557 3220 fuit,
573 3167 634 3206 non
647 3150 732 3222 bella,
747 3169 804 3208 nec
818 3169 921 3210 ensem
1063 3161 1094 3210 45

219 3245 312 3302 inmiti
326 3263 427 3303 saevus
443 3244 563 3303 duxerat
577 3256 637 3303 arte
652 3248 739 3304 saber.

178 3343 217 3399 At
231 3343 302 3399 Iove
317 3342 371 3399 sub
385 3341 507 3400 domino
522 3343 629 3400 caedes
645 3354 674 3401 et
687 3345 806 3402 vulnera
820 3363 945 3421 semper,

218 3457 298 3496 nnnc
312 3457 400 3511 mare,
415 3457 494 3496 nunc
509 3439 559 3497 leti
574 3440 651 3497 mille
667 3451 787 3516 repente
801 3444 874 3501 viae.
1099 3441 1148 3502 (50)

179 3537 280 3607 Parce,
294 3545 394 3611 pater:
418 3535 554 3594 timidum
567 3554 628 3594 non
643 3557 689 3595 me
705 3540 828 3614 periuria
841 3550 959 3615 terrent,

217 3651 278 3690 non
292 3632 372 3690 dicta
385 3632 415 3690 in
429 3642 545 3690 sanctos
559 3633 649 3708 impia
662 3636 750 3694 verba
765 3636 846 3695 deos.
1062 3647 1094 3697 50

178 3728 269 3804 Quod
283 3728 308 3787 si
322 3729 421 3787 fatales
435 3730 494 3787 iam
508 3749 588 3788 nunc
603 3732 781 3806 explevimus
796 3752 898 3809 annm,

217 3825 243 3886 F
243 3844 278 3885 ac
292 3825 365 3903 lapis
380 3826 524 3903 inscriptis
538 3836 595 3886 stet
609 3846 696 3906 super
710 3848 776 3890 ossa
789 3832 875 3907 notis,
